2019 3769
648 238 860 281 srtux
900 234 1080 280 Αειο.
1641 212 1713 269 61

199 409 236 444 H
253 407 280 442 Α
298 408 324 440 n
340 405 361 440 1
374 404 413 439 τ
427 404 457 439 Α
472 403 512 437 τ
554 376 739 458 paffim
765 379 817 433 in
857 372 1126 434 montibus
1161 364 1537 426 remotioribus
1579 364 1727 421 iuxta

31 475 237 553 plagam
255 467 521 546 glacialem
540 465 748 522 mediae
765 458 1157 519 Groenlandiae
1171 475 1184 521 3
1197 452 1397 529 frigore
1410 448 1626 506 instante
1641 450 1725 505 lo-

31 577 91 616 ca
114 555 373 612 maritima·
390 550 659 607 interdum
693 546 1014 624 aggreditur,
1054 542 1189 596 inter
1216 537 1387 593 minus
1413 532 1728 610 frequentes

30 637 372 701 numeranda.
457 635 729 690 inuenitur
754 634 910 689 etiam
936 626 1200 684 interdum
1233 637 1476 685 mortua,
1515 623 1601 694 (vt
1623 635 1729 673 vo—

30 726 144 782 lunt
167 720 542 791 Groenlandi,)
575 719 648 773 ob
676 717 863 772 oculos
893 713 1001 770 eius
1027 710 1225 786 frigore
1253 705 1596 781 congelatos;
1633 699 1726 757 sed

13 806 207 886 ‘potius
230 797 506 864 crederem
533 803 606 859 ob
633 800 896 858 defecium
923 799 1102 862 virius²
1133 809 1185 850 et
1206 810 1234 848 a
1255 790 1432 848 cornis
1457 788 1599 845 illam
1612 803 1728 844 non

26 911 147 950 raro
175 888 615 970 persequentibus
649 886 937 941 debilitata.

194 1033 227 1068 v
245 1033 262 1065 1
281 1032 312 1066 c
328 1032 366 1065 T
385 1029 414 1065 v
430 1028 451 1063 s
496 1009 606 1062 eius
629 1004 738 1060 fere
767 1003 911 1058 idem
935 1019 994 1055 ac
1022 997 1338 1060 Falconum,
1362 990 1619 1067 imprimis
1637 1004 1732 1046 au-

21 1113 135 1154 tem
175 1111 345 1151 tetrao
383 1093 608 1165 lagopus
659 1105 714 1142 et
769 1085 922 1158 lepus
961 1080 1197 1137 timidus,
1286 1078 1546 1152 Rapinam
1582 1073 1728 1130 suam

24 1179 218 1255 raptim
243 1195 296 1234 et
319 1176 431 1231 fere
452 1166 977 1253 ⁰perpendiculariter
1015 1162 1239 1218 inuolat.
1278 1164 1453 1215 Sonus
1482 1160 1592 1214 eius
1621 1157 1730 1213 cla-

24 1282 231 1321 morem
255 1256 483 1315 hominis
521 1252 861 1329 periclitantis
904 1247 1211 1304 aemulatur.
1301 1243 1579 1302 velociter
1613 1240 1731 1298 satis

23 1347 198 1404 volat:
244 1339 518 1419 quiescens
545 1336 673 1392 loco
703 1334 1001 1391 admodum
1026 1330 1247 1386 incauta.

188 1457 446 1518 Nidificat
474 1458 529 1512 in
563 1454 872 1514 cauitatibus
899 1451 1114 1528 rupium
1149 1447 1524 1509 remotiorum.
1547 1454 1559 1473 ‘

193 1579 454 1637 Pediculis
483 1577 703 1632 laborat.
728 1573 1002 1629 Interdum
1032 1567 1294 1645 lapidibus
1321 1565 1402 1622 vel
1431 1563 1608 1622 iaculis
1635 1561 1731 1619 iei-

21 1685 108 1724 tur
133 1663 407 1742 quiescens
434 1660 590 1738 super
613 1660 906 1736 fragmenta
930 1654 1119 1733 glaciei
1150 1652 1374 1723 marina;
1404 1650 1534 1707 nulli
1556 1647 1730 1705 ferme

18 1750 147 1811 vsm.
393 1822 884 1930 37.STR1X
960 1819 1217 1894 ASIO
1268 1816 1355 1910 ψ.

210 1968 372 2033 Strix
411 1966 610 2051 capite
639 1962 872 2039 aurito,
925 1978 1196 2043 corpore
1245 1955 1419 2038 supra
1469 1930 1754 2036 ferrugi?

18 2083 168 2151 nec,
201 2066 411 2133 subtus
443 2065 716 2141 cinereo,
745 2059 849 2122 alis
879 2054 1122 2143 punc’tis
1151 2052 1431 2139 quinque
1462 2048 1629 2113 albis,

268 2198 426 2253 Strix
450 2191 574 2269 Asto,
603 2187 731 2261 Syst.
762 2203 866 2244 nat.
897 2187 936 2253 1,
971 2201 1104 2263 132·

266 2276 512 2338 Hornede
549 2274 691 2354 Ugle‚
725 2272 820 2329 Eu.
852 2266 1020 2328 Huds.
1056 2277 1148 2344 38,
1170 2266 1278 2324 tab.
1307 2264 1396 2343 3.?

268 2358 484 2433 Lidnoh,
516 2361 697 2423 Leem,
734 2364 870 2433 238.
899 2355 1089 2430 (⁵45·)?

223 2515 227 2517 ¹
267 2448 370 2504 Die
412 2435 723 2521 Carolinsche
767 2438 1014 2506 Ohrmk,
1069 2437 1236 2497 Mart.
1279 2433 1368 2505 111,
1424 2440 1528 2507 48.
1571 2427 1725 2488 Tab.

372 2529 569 2585 LXIV.

265 2611 741 2672 Groenlandorum
769 2607 995 2664 Sintitok
1028 2605 1166 2662 hanc
1192 2602 1294 2659 esse
1319 2599 1596 2658 subsumo:
1640 2598 1724 2655 di-

371 2713 501 2765 cunt
550 2696 691 2752 enim
750 2693 889 2748 illam
947 2690 1202 2746 auriculas
1257 2705 1471 2762 magnas
1524 2683 1727 2740 habere

365 2781 604 2858 margine
645 2779 837 2836 ciliatas
851 2795 865 2840 3
908 2774 1120 2831 falcone
1156 2772 1449 2840 minorem,
1487 2777 1726 2845 corpore

367 2866 616 2940 obscuro,
644 2880 873 2922 attamen
898 2860 1180 2917 maculato·

185 3012 225 3048 u
242 3008 503 3046 utrm·
547 2987 602 3041 in
637 2983 771 3044 locis
799 2978 1238 3046 australioribus,
1262 2970 1567 3059 prgesertim
1609 2969 1724 3031 finu

19 3074 159 3135 dieto
193 3066 616 3135 Tunnudliorbik.
1287 3064 1290 3067 ’

1330 3383 1333 3385 ’
1413 3377 1509 3451 38.
1548 3366 1721 3426 COR·
