2019 3769
634 243 940 286 omscvs
981 244 1212 285 Pseu.
1656 248 1777 308 249

70 378 285 437 vltimus
317 377 479 454 paulo
517 377 733 456 longior
767 381 1109 457 tenuiorque.
1198 382 1254 438 In
1290 384 1468 458 capite
1498 384 1614 443 duo
1640 405 1784 463 pun-

71 467 149 521 &a
176 464 330 541 nigra
364 461 568 538 supera,
609 484 748 542 quae
791 465 973 532 oculi,
1016 464 1179 522 testae
1221 465 1408 530 innati,
1496 472 1784 530 Antemnae

54 548 260 610 ¹frontis
286 567 346 625 4,
374 567 601 623 quarum
640 573 664 605 2
705 549 1002 625 superiores
1042 550 1318 627 longiores
1350 558 1378 627 '3
1415 553 1644 611 articulis
1690 577 1785 628 cy-

70 631 303 688 lindricis
334 650 546 708 praeter
578 634 783 709 apicem
813 633 1147 710 capillarem3
1196 659 1223 694 2
1250 634 1528 694 inferiores
1555 638 1783 697 dimidio

73 715 347 774 breuiores
374 715 695 787 fimile8,1e(l
731 739 757 775 2
800 737 1008 778 tantum
1045 721 1271 777 articulis
1314 721 1612 794 cylindricis
1649 721 1790 781 seto-

71 799 157 860 fis.
245 800 442 858 Subtus
473 822 534 857 os
579 808 616 861 6
641 803 845 878 papillis
880 805 1233 879 vnguiculatis
1269 807 1513 868 cinc'lum.
1559 841 1642 852 --
1685 813 1792 865 Pe-

73 884 174 942 des
213 904 281 946 ιο
311 887 634 942 triarticulati
663 885 815 944 chela
837 885 1100 944 sublunari
1138 906 1192 945 et
1228 910 1409 966 vngue
1454 893 1644 949 mobili
1685 909 1793 951 ter·

73 970 256 1030 minali
285 969 537 1027 instruc'li:
584 992 617 1030 2
646 973 804 1047 primi
838 971 933 1028 sub
969 975 1146 1048 capite
1183 975 1452 1046 minores;
1502 1001 1531 1036 z
1559 976 1790 1054 sequen-

72 1072 154 1111 tes
188 1053 279 1110 sub
307 1056 530 1112 articulo
558 1055 797 1125 fecundo
846 1055 1124 1132 longiores
1167 1077 1268 1132 pro
1310 1061 1552 1118 manibus
1589 1059 1798 1125 haben-

76 1139 148 1206 di,
174 1137 379 1196 chelam
409 1140 548 1196 enim
576 1140 896 1196 incrasshtam
923 1139 1122 1198 habent
1152 1161 1278 1218 prae
1303 1146 1492 1202 ceteris
1517 1163 1572 1203 et
1596 1150 1797 1225 margi-

76 1243 147 1280 ne
172 1240 388 1280 arcuato
413 1222 690 1289 serratam3
733 1224 949 1280 tertium
980 1241 1036 1280 et
1074 1244 1325 1300 quartum
1357 1248 1452 1302 par
1477 1229 1570 1287 sub
1597 1234 1798 1292 articu-

77 1307 134 1368 lo
150 1310 341 1382 quinto
370 1323 425 1362 et
449 1306 600 1368 sexto
627 1309 803 1382 primo
838 1307 1003 1383 paulo
1028 1308 1304 1386 longiora3
1347 1311 1555 1372 sextum
1583 1336 1681 1395 par
1702 1316 1800 1385 sub

77 1385 301 1449 articulo
327 1390 518 1447 vltimo
546 1387 907 1468 longislimum
950 1394 1227 1460 omnium;
1268 1414 1617 1474 verguntque
1651 1405 1687 1461 6
1717 1403 1800 1461 vl-

77 1475 193 1534 timi
216 1493 382 1544 tetre,
408 1493 462 1533 et
487 1496 529 1553 4
555 1476 760 1553 priores
788 1475 1097 1534 antrorsum.
1141 1510 1224 1522 —-
1255 1481 1396 1536 Inter
1427 1484 1599 1556 pedes
1634 1507 1659 1543 2
1692 1505 1803 1560 po..

78 1558 236 1622 sticos
262 1580 389 1618 anus
414 1563 608 1621 nudus,
692 1561 801 1618 Sub
825 1561 989 1622 tertio
1029 1580 1084 1619 et
1118 1580 1318 1640 quarto
1345 1567 1568 1624 articulo
1598 1568 1713 1626 lobi

78 1647 235 1704 ouati
261 1645 657 1705 membranacei
683 1643 968 1722 compreffi
995 1647 1253 1707 inflabiles
1292 1649 1440 1722 (hinc
1481 1651 1803 1730 duplicato:

81 1731 239 1794 certis
267 1733 410 1787 enim
440 1731 782 1808 temporibus
823 1729 1033 1808 globosi
1075 1732 1221 1800 sunt,
1266 1735 1526 1813 plenique
1565 1737 1805 1799 humore

80 1816 392 1894 granulato;
430 1813 556 1873 hinc
592 1815 699 1874 sine
736 1809 904 1882 dubio
944 1817 1130 1880 ouaria
1162 1817 1296 1879 sunt.
1386 1821 1590 1879 Colore
1639 1827 1808 1890 variat

79 1896 240 1969 fusca,
266 1902 483 1969 rubens,
512 1901 693 1979 grisea,
731 1901 1017 1977 albidaque
1055 1902 1294 1980 respessu
1332 1902 1512 1973 fundi,
1554 1907 1804 1973 intestino

82 1983 398 2045 obscuriore
424 1986 494 2045 de
521 1987 694 2063 capite
726 1987 779 2049 in
806 1982 1031 2045 caudam
1054 1987 1381 2066 plerumque
1404 1991 1741 2066 perlucente.

252 2113 289 2153 a
306 2114 333 2152 Α
352 2116 381 2155 n
396 2114 418 2147 1
433 2111 472 2154 τ
488 2113 519 2146 A
534 2112 573 2154 τ
616 2088 670 2146 in
710 2088 847 2151 vluis
870 2086 1120 2170 sucisque
1157 2091 1314 2150 maris
1358 2110 1466 2149 tam
1519 2094 1807 2172 profundi,

83 2192 249 2257 quam
277 2176 347 2233 ad
371 2175 565 2237 littora.

253 2277 366 2340 Sub.
393 2276 629 2337 natando
667 2277 1031 2336 extremitates
1070 2276 1481 2349 suassincuruau
1522 2281 1617 2344 sub
1656 2286 1807 2345 ince-

87 2361 276 2422 dendo
305 2362 476 2439 pedes
507 2363 710 2423 anticos
735 2361 869 2423 folio
895 2361 1421 2440 affigit,·corpusque
1445 2366 1673 2437 attrahit,
1697 2389 1809 2449 ρο.

86 2445 222 2509 sticis
251 2448 553 2506 anticorum
582 2448 766 2507 locum
807 2448 1237 2524 occupantibus:
1282 2448 1350 2506 fic
1390 2451 1500 2508 cito
1524 2451 1642 2510 satis
1667 2476 1808 2533 pro-

88 2532 350 2608 greditur,
377 2549 434 2594 et
458 2551 633 2609 aeque
661 2534 800 2590 bene
829 2533 1240 2610 retrogreditur.
1327 2535 1604 2594 interdum
1641 2542 1807 2603 etiam

69 2616 238 2679 -velut
276 2615 455 2678 histrio
493 2615 544 2677 se
580 2618 975 2693 circumuertit3
1029 2637 1130 2675 nec
1165 2637 1287 2679 raro
1320 2619 1549 2701 pedibus
1586 2625 1808 2704 posticis

91 2700 319 2762 infistens
345 2705 517 2774 ereffla
547 2719 804 2759 antennas
831 2701 946 2760 suas
972 2702 1106 2761 mire
1132 2703 1324 2761 vibrat.
1780 2727 1787 2737 ’

264 2803 457 2862 Mense
471 2804 767 2861 Decembri
792 2803 957 2862 lobos
989 2803 1359 2867 abdominales
1387 2806 1579 2883 plenos
1591 2811 1723 2892 vidi,
1748 2818 1811 2878 εξ

91 2886 343 2966 fiifpicor,
368 2909 480 2947 oua
501 2908 602 2966 per
628 2888 871 2947 can-alem
903 2889 975 2946 de
1003 2888 1301 2947 abdomine
1344 2891 1396 2947 in
1431 2892 1594 2952 lobos
1630 2913 1808 2962 trans..

91 2973 257 3057 gre-lla
281 2973 451 3043 fuiss'e,
474 2973 775 3058 posteaque
802 2972 899 3031 ill-is
924 2974 1138 3033 maturis
1163 2972 1313 3033 faffis
1338 2975 1496 3041 lobos
1521 2982 1722 3070 rumpi,

394 3112 561 3189 226⁴
611 3108 1101 3184 ONISCVS
1153 3110 1523 3194 PSORA.

295 3229 565 3302 Onifc-us
611 3230 947 3303 abdomine
990 3230 1202 3305 subtus
1242 3235 1417 3308 nudo
1430 3285 1453 3326 ἓ
1489 3239 1679 3314 cauda
1716 3237 1806 3318 feo

100 3326 353 3399 miouali.
380 3348 575 3400 acuta.

830 3426 909 3513 Q
924 3444 958 3506 ς
1596 3435 1702 3500 Qui
1715 3445 1810 3497 eux
