2019 3769
488 248 741 290 manns
786 227 1234 294 rrmco‘nma.
1607 249 1725 313 307

15 389 132 469 pite
155 383 232 444 est
254 398 498 463 apertura
544 386 769 463 simplex
807 387 1080 447 dilatabilis
1121 386 1231 445 fine
1265 385 1591 463 proboscide
1627 406 1725 445 ex=⁴

16 472 194 531 fertili.
279 470 566 528 Tubulum
592 473 854 530 inhabitat
886 479 918 555 ᾗ
951 474 1039 531 lin.
1086 472 1280 538 latum,
1334 491 1519 528 verme
1557 471 1724 548 triplo

21 557 346 633 longiorem,
385 553 542 630 supra
566 557 793 614 flandum
825 557 1335 635 perpendiculariter
1360 559 1592 612 erefium
1619 574 1729 612 ter*

19 644 95 699 tia
120 640 204 698 sua
234 658 412 716 parte,
452 641 757 698 intrinsecus
801 642 942 719 quali
983 644 1185 719 glutine
1226 641 1411 697 illitum
1462 640 1725 715 politum-

19 745 159 802 que,
199 723 522 781 extrinsccus
546 725 616 782 de
641 727 908 802 particulis
933 727 1174 784 arenariis
1188 726 1274 783 vel
1288 724 1574 802 argillaoeis
1591 739 1729 781 con-

16 809 266 875 flantem,
303 809 489 866 colore
517 813 808 867 variantem
831 811 1069 889 respecstu
1095 812 1204 870 loci
1226 811 1332 868 iam
1357 807 1730 886 virescentem,

19 894 122 952 iam
155 893 522 972 ferrugineum
549 896 634 952 vel
660 895 887 954 fuluum.

151 1032 189 1070 n
204 1035 235 1069 A
251 1037 275 1069 a
291 1035 312 1069 1
326 1035 366 1069 τ
381 1036 408 1070 A
424 1035 464 1069 τ
508 1011 562 1069 in
590 1013 858 1071 littoribus
886 1010 1041 1070 maris
1064 1008 1316 1091 argillosis
1358 1009 1445 1071 vel
1483 1010 1732 1072 arenosis.

152 1136 320 1171 Εῡιτ
362 1114 620 1191 planarias
656 1115 912 1189 minutas,
959 1134 1089 1190 quas
1125 1114 1406 1171 tentaculis
1445 1112 1546 1171 suis
1584 1111 1733 1192 capi«-

20 1215 202 1257 entem
235 1217 291 1255 et
315 1198 491 1255 secum
516 1195 646 1254 intra
675 1198 921 1255 tubulum
948 1201 1238 1255 ducentem
1267 1199 1398 1258 vidi.

144 1317 306 1372 Extra
330 1314 574 1371 tubulum
600 1316 850 1371 incedere
880 1335 990 1371 non
1021 1317 1163 1372 valet
1185 1335 1384 1392 prona:
1425 1313 1552 1374 hinc
1586 1311 1737 1373 illum

24 1419 136 1457 non
166 1399 318 1456 facile
343 1398 613 1475 relinquit.
653 1428 738 1442 ἀ-
823 1400 1148 1475 Plerumque
1172 1399 1436 1457 tentacula
1467 1400 1740 1475 erigitsola

23 1482 132 1542 huc
167 1485 400 1560 illucque
451 1483 719 1540 fleclendo
755 1486 988 1559 rapinam
1026 1502 1317 1560 quaerens;
1342 1484 1637 1540 ‘interdum
1675 1500 1742 1540 ος

23 1568 253 1627 suumin
283 1585 532 1644 apertura
556 1569 727 1624 tubuli
770 1569 1017 1648 ampliat,
1064 1587 1257 1644 aquam
1298 1570 1348 1623 in
1386 1582 1581 1646 gyrum
1616 1587 1744 1625 moa

24 1673 187 1719 vem,
229 1652 337 1709 fine
365 1654 533 1709 dubio
560 1655 794 1728 rapinam
823 1650 1121 1709 attrahendi
1165 1654 1357 1711 cauffa.
1440 1654 1628 1710 Rarius
1668 1652 1742 1710 de

26 1738 221 1796 tubulo
251 1738 552 1795 vacillando
581 1738 862 1813 egrediens
887 1738 938 1793 in
965 1738 1187 1794 caudam
1218 1737 1401 1814 Vsque,
1447 1756 1586 1814 quae
1600 1756 1742 1793 nuna-

28 1842 191 1899 quam
220 1821 432 1898 prorsus
458 1824 745 1892 emittitur3
791 1820 971 1898 sicque
996 1822 1047 1877 in
1085 1821 1314 1879 fundum
1363 1822 1414 1879 se
1448 1822 1740 1878 demittens

27 1908 338 1964 examinare
366 1907 525 1973 solet,
568 1907 658 1964 vix
686 1923 862 1963 autem
893 1923 1030 1982 aqua
1057 1920 1212 1963 mota
1233 1904 1455 1965 mirabili
1483 1907 1744 1965 velocita-

26 2009 84 2051 te
106 1993 159 2048 in
186 1991 416 2050 domum
451 1991 589 2049 suam
616 1991 1023 2068 retrogreditur.

174 2196 341 2277 239.
403 2181 803 2254 NEREIS
863 2177 1529 2253 F1L1CORN180
1573 2187 1604 2222 2

175 2321 398 2384 Nereis
428 2320 754 2386 tentaculis
785 2319 943 2387 binis
971 2317 1177 2410 longia
1205 2318 1597 2407 craffisalbiS,
1640 2335 1746 2385 an·

34 2418 196 2484 nulia
221 2419 680 2505 nigricantibuS.

297 2551 477 2606 Nereis
493 2547 779 2625 fillcornis,
823 2547 974 2606 Mtill.
1000 2547 1190 2626 prodr.
1223 2554 1406 2627 2640·
1489 2544 1504 2562 ⁸

159 2671 197 2709 G
214 2671 245 2706 R
261 2670 292 2708 o
309 2674 335 2707 ε
352 2673 393 2707 N
408 2671 458 2713 ι.
500 2668 558 2708 vt
593 2650 934 2713 antecedens,

166 2772 456 2809 DESCRIP
476 2775 535 2809 T.
582 2751 666 2808 Est
694 2751 1039 2827 praecedenti
1073 2750 1277 2824 similis,
1322 2749 1413 2808 sed
1439 2742 1654 2809 crassior
1692 2764 1752 2810 et

43 2836 277 2893 breuior.
364 2837 681 2912 Longitudo
731 2856 748 2893 ι
786 2856 930 2902 vna,
975 2836 1201 2892 latitudo
1240 2855 1259 2894 1
1297 2836 1387 2892 lin.
1473 2838 1753 2894 Tentacu-

40 2921 88 2977 la
136 2918 381 2978 craffiora
420 2943 480 2978 ac
528 2921 932 2997 praecedentia,
997 2921 1115 2976 alba
1160 2920 1439 2996 nigricanti
1490 2921 1757 2984 annulata.

40 3009 333 3082 segmenta
355 3007 608 3082 corporis
638 3015 715 3082 48
749 3005 1043 3070 numeraui,
1079 3021 1296 3080 praeter
1319 3006 1754 3081 caputcaudam·

42 3109 175 3166 que.
262 3091 448 3148 Sulcus
477 3089 876 3166 longitudirralis
910 3089 1132 3145 laterum
1157 3088 1356 3145 format
1382 3091 1636 3166 papillam
1671 3091 1755 3146 in·

42 3173 298 3230 seriorem
325 3176 551 3241 nudam,
593 3192 808 3251 praeter
845 3174 1176 3250 superiorem
1210 3171 1425 3230 bisetam
1467 3192 1521 3231 et
1555 3176 1754 3232 cirrum

47 3257 311 3315 dorsalem
336 3261 387 3314 in
412 3259 619 3336 fingulo
648 3260 943 3334 segmento,
1031 3259 1202 3314 Color
1226 3260 1397 3316 antice
1435 3258 1754 3336 posticeque

47 3342 243 3421 griseus
259 3385 276 3412 ‚
311 3344 480 3402 medii
503 3345 753 3422 corporis
782 3362 854 3400 ex
878 3341 1155 3400 flauicanti
1173 3344 1453 3420 rubroque
1477 3345 1676 3401 mixtus
1692 3344 1755 3398 li-

861 3432 912 3484 V
961 3448 989 3485 2
1653 3445 1759 3485 nea
