2019 3769
492 225 1389 270 ‘rvnvnAtzurnh-tcrtrvs·
1480 227 1482 229 ·
1664 221 1789 281 439

133 403 142 408 ··
207 393 244 431 G
263 391 296 428 R
312 389 348 428 0
363 390 445 427 EN
460 388 509 430 L.
591 362 894 448 Iglulualik.'
955 365 1025 421 Et
1046 360 1114 421 fic
1139 362 1385 438 sequens,

205 496 241 531 n
259 495 285 529 r.
300 493 322 527 s
339 494 368 528 c
386 495 418 528 R
434 496 452 530 1
469 492 496 526 P
513 495 549 527 τ
563 492 582 526 1
596 455 632 526 i)
679 468 796 523 data
820 467 973 526 Miill.
986 489 1035 527 V.
1050 469 1270 522 Wiirm.
1293 465 1329 521 l.
1343 484 1390 523 e.
1405 461 1591 518 licetin
1607 459 1790 517 multis
1816 474 1819 478 ’

80 556 426 623 convei1iens‚
469 557 518 610 in
548 553 723 608 multis
739 554 872 608 dum
889 553 1058 608 minus
1073 550 1260 621 tuta‚*)
1307 547 1690 604 accuratiorem
1708 543 1787 601 se·-

74 642 316 699 cundum
338 637 598 711 permulta
625 637 905 695 indiuidua
951 637 1077 695 viua
1108 634 1393 709 formatam
1428 631 1555 688 dare
1607 629 1788 706 super-

70 726 237 784 fluum
275 737 384 775 non
422 723 537 784 erit.

202 821 383 896 Long.
417 846 443 880 2
476 843 614 898 vnc.‚
665 823 752 882 lat.
781 824 919 884 zlin.
949 822 1077 879 mihi
1111 821 1360 882 occurrit.
1444 819 1660 893 Corpus
1688 835 1785 871 an-

72 902 177 958 tice
215 904 423 963 craffius
460 909 748 965 retrorsum
797 926 1126 972 attenuatur,
1163 902 1590 967 teretiusculum‚
1634 899 1784 957 sulcis

67 990 370 1047 transuersis
394 993 444 1048 in
473 995 698 1050 annulos
726 995 935 1050 circiter
974 1000 1050 1070 56
1078 991 1301 1048 diuisum
1319 1032 1332 1056 ,
1375 1004 1591 1065 praeter
1622 1000 1785 1061 caput

70 1074 423 1152 caudamque.
521 1081 608 1135 De
654 1080 851 1135 annulo
907 1077 1112 1154 singulo
1162 1077 1416 1150 Vtrimque
1451 1067 1645 1149 papilla
1682 1070 1783 1124 mi·

66 1174 191 1212 nuta
226 1161 407 1217 locum
434 1162 625 1237 habet,
672 1183 809 1240 quae
833 1165 885 1219 in
919 1182 995 1221 20
1022 1162 1201 1219 amicis
1241 1159 1358 1216 setis
1402 1181 1431 1218 2
1462 1155 1683 1228 albidis,
1722 1154 1779 1208 in

63 1242 285 1318 reliquis
328 1247 510 1312 vnica,
565 1247 678 1303 satis
715 1248 894 1304 tamen
931 1246 1144 1314 vifibili,
1196 1243 1391 1302 sursum
1429 1239 1780 1317 vergentibus

68 1344 264 1384 armata
294 1329 387 1395 est,
427 1348 482 1386 et
507 1331 682 1386 verius
711 1333 986 1389 abdomen
1012 1331 1366 1407 prolongatur
1392 1325 1675 1384 eminentia
1691 1341 1794 1383 anr

62 1409 210 1483 gusta
236 1430 452 1468 curuata
479 1414 626 1489 nigra
654 1413 946 1491 subrigida:
995 1421 1129 1491 (qua
1156 1432 1286 1471 nota
1320 1409 1662 1487 Amphitritis
1697 1405 1781 1476 af-¹

59 1492 175 1550 finis
223 1496 498 1567 videtum)
549 1496 718 1554 sulcus
763 1499 893 1555 leuis
932 1497 1329 1574 longitudinalis
1372 1495 1580 1550 medius
1620 1491 1778 1567 supra

57 1578 320 1656 infraque.
408 1581 594 1636 Cauda
624 1580 937 1648 subconica‚
978 1584 1265 1646 inarmata,
1307 1576 1550 1650 cylindro
1589 1576 1777 1631 termi-

62 1665 163 1719 nali
187 1665 396 1721 minuto
429 1663 572 1740 quasi
599 1666 948 1742 prolongata,
993 1665 1085 1721 vbi
1119 1683 1268 1721 anus·
1356 1661 1531 1718 Color
1567 1678 1775 1735 corpo-

60 1753 127 1805 ris
156 1749 355 1826 pallide
395 1750 753 1816 1·ubicundu8‚
798 1749 1047 1806 intestinis
1083 1749 1259 1806 lacteis
1293 1742 1770 1821 transparentibus,

58 1831 147 1890 sed
176 1833 418 1890 sordibus
449 1832 626 1890 adhuc
649 1833 806 1891 foetis
833 1832 1026 1911 griseis.
1112 1835 1170 1888 In
1198 1831 1375 1908 capite
1403 1830 1636 1906 primum
1663 1827 1767 1883 ob-

57 1917 332 1975 ser-uantur
365 1923 737 1976 connexitates
765 1936 797 1979 2
825 1919 1048 1995 corpori
1070 1918 1356 1994 proximae
1380 1912 1770 1992 quafiinflatae,

59 2002 298 2069 aspidae,
341 2003 498 2080 supra
524 2005 838 2080 contiguae,
879 2002 1010 2060 infra
1051 2002 1416 2065 distantiores,
1457 2000 1546 2056 vbi
1592 1997 1644 2052 in
1682 1998 1766 2068 inf

55 2088 275 2144 tesstitio
304 2091 504 2144 illarum
531 2091 685 2145 lobus
713 2090 1035 2166 triangularis
1066 2088 1247 2145 locum
1272 2083 1454 2142 habet.
1534 2084 1626 2140 De
1656 2078 1765 2136 bafi

53 2174 292 2230 interiori
320 2173 507 2230 harum
532 2176 934 2230 conuexitatum
972 2174 1248 2250 prominet
1289 2171 1540 2244 vtrinque
1575 2167 1764 2222 flabel-

51 2258 161 2314 lum
189 2260 448 2316 cirrorum
479 2259 898 2333 pectinaturum,
939 2260 1129 2335 pennis
1154 2256 1331 2313 auium
1367 2252 1513 2309 haud
1555 2250 1766 2309 abfimi-

51 2342 212 2423 lium,
254 2343 368 2400 satis
410 2344 736 2420 longorum,
801 2343 929 2400 serie
953 2343 1103 2400 unica
1129 2358 1490 2399 connatorum
1525 2340 1577 2394 in
1603 2333 1762 2395 basis.

50 2428 269 2503 cingulo
293 2428 945 2505 communirigidiusculO,
985 2428 1188 2496 inferne
1205 2423 1511 2484 dehiscenti.
1597 2424 1761 2478 Cete-

52 2533 172 2570 rum
205 2517 321 2571 cirri
353 2534 450 2589 per
476 2514 623 2589 paria
651 2515 835 2570 arctius
861 2513 1017 2589 supra
1055 2511 1193 2568 balin
1234 2528 1490 2574 connata,
1535 2524 1594 2563 vt
1631 2507 1758 2583 plu·

52 2599 229 2655 mulae
267 2599 596 2674 duplicatae,
648 2596 1152 2674 dispofitiisuntset
1190 2596 1368 2653 racliin
1406 2592 1625 2649 habent.
1648 2589 1758 2647 bafi

49 2682 400 2759 subrigidam,
434 2686 666 2741 exterius
697 2684 911 2739 mollem
930 2724 945 2748 ,
982 2682 1233 2757 Vtrimque
1258 2681 1479 2737 ciliatam
1503 2678 1628 2734 ciliis
1644 2694 1758 2731 non

52 2772 234 2841 exacte
257 2769 552 2826 lateralibus
570 2810 584 2836 ‚
623 2767 714 2824 sed
738 2767 925 2833 versus
942 2769 1193 2843 paginam
1221 2763 1527 2822 inferiorem
1554 2780 1755 2838 appro-

896 2849 985 2909 Ee
1028 2872 1069 2928 4
1583 2848 1756 2904 xima-

123 3003 181 3071 ¹¹⁶)
217 3007 299 3056 Ex.
328 3021 394 3069 gr.
420 3000 575 3072 quoad
600 3003 736 3052 fitum
762 3003 1031 3060 cirrorum,
1067 3015 1318 3048 numerum
1355 2994 1532 3065 pedum
1569 2991 1749 3044 setoso·

192 3094 325 3139 rum,
363 3090 409 3125 et
435 3093 613 3139 organa
640 3078 770 3136 oriS,
809 3085 861 3123 vt
885 3072 977 3122 alia
1002 3086 1197 3123 taceam.
1270 3073 1462 3119 Fatetur
1501 3070 1646 3117 etiam
1683 3062 1746 3114 cl.

197 3152 366 3199 εειόὶοι·
394 3148 557 3216 scripti
584 3167 629 3217 p.
660 3164 772 3215 191).
800 3145 847 3195 se
873 3148 1036 3195 omnia
1052 3141 1306 3202 secundum
1342 3143 1487 3192 verba
1513 3137 1744 3202 Koenigii

190 3219 395 3283 afferre,
428 3238 583 3288 neque
608 3219 762 3288 ipsum
791 3216 1204 3269 vermemvidiffe.
1283 3216 1415 3278 Quin
1443 3219 1543 3264 imo
1571 3214 1749 3279 postea,

191 3295 247 3342 ni
275 3291 448 3355 fallor,
484 3296 542 3341 ab
573 3292 677 3362 ipso
704 3290 872 3340 melius
899 3308 926 3340 a
954 3304 1126 3361 natura
1151 3287 1418 3340 informato
1452 3286 1641 3352 audiui,
1675 3281 1747 3332 di·
1791 3294 1795 3297 “

191 3368 265 3418 ἃᾶ
288 3384 389 3416 non
413 3369 617 3416 omnino
641 3362 892 3428 quadrare.
