2019 3769
405 1361 876 1493 RAT1o
956 1393 1738 1490 onschi.

186 1870 535 2107 Anno
579 1971 726 2037 1768
767 1980 837 2027 vt
890 1959 1302 2025 Miffionarius
1361 1957 1687 2023 ordinatus
1728 1953 1978 2022 Groen-

450 2063 709 2125 landiam
740 2060 1066 2143 petinam,
1097 2058 1168 2120 ab
1198 2053 1670 2121 honoratiffimo
1688 2054 1979 2141 Collegio

184 2159 269 2222 de
297 2160 469 2221 cursu
501 2156 811 2240 Euangelii
843 2153 1324 2240 promouendO,
1367 2153 1475 2217 sub
1520 2152 1810 2240 praefidio
1862 2155 1980 2241 Ex·

185 2252 587 2319 cellentiffimi
633 2273 695 2316 et
741 2252 1106 2317 illustriffimi
1149 2250 1417 2316 Comitis
1449 2248 1722 2319 Othonis
1759 2245 1981 2325 Thott,

182 2350 570 2417 scientiarum
601 2350 882 2415 Fautoris
915 2349 1153 2427 summi,
1182 2350 1343 2414 inter
1371 2350 1478 2415 alia
1506 2350 1856 2416 mandatum
1884 2370 1980 2413 ac·

185 2448 348 2534 cepi,
384 2466 454 2515 vt
484 2449 606 2513 otia
637 2470 770 2512 mea
799 2449 1106 2514 Historiae
1133 2448 1390 2512 naturali
1431 2468 1625 2513 terrae
1664 2448 1844 2512 huius
1872 2438 1981 2510 mi*-

183 2567 305 2612 nus
336 2565 523 2611 notae
552 2546 998 2633 impenderem.
1099 2546 1406 2610 Promiffis
1437 2562 1680 2633 parem,
1706 2544 1855 2610 licet·
1877 2564 1982 2610 an-

184 2663 632 2730 teaminquam
664 2644 948 2709 scientiae
976 2643 1061 2707 illi
1092 2634 1344 2730 operam
1376 2645 1671 2731 nemrim,
1699 2664 1760 2710 et
1787 2643 1989 2729 Syste-

184 2750 346 2808 mate
373 2761 624 2809 naturae
651 2742 1010 2809 Linnaeano
1051 2738 1183 2805 fere
1225 2740 1359 2806 solo
1414 2743 1726 2824 suffultu8‚
1767 2761 1986 2808 natura

185 2861 341 2929 vero
371 2839 493 2927 ipsa
521 2840 821 2926 docente,
850 2859 913 2904 et
945 2839 1326 2905 iucunditate
1353 2840 1455 2906 sua
1494 2841 1826 2922 alliciente,
1850 2837 1983 2905 sen-

184 2934 294 3002 sim
340 2938 423 3002 illi
458 2938 719 3026 propius
753 2938 993 3008 acceffi;
1037 2937 1314 3024 dumque
1342 2959 1561 3005 contra
1611 2938 1986 3027 opinionem

181 3056 478 3123 expertus
508 3037 660 3117 sum,
689 3058 824 3101 non
841 3058 1051 3124 pauca,
1078 3036 1428 3125 praesertim
1458 3038 1780 3118 vermium,
1806 3054 1984 3101 natu-

181 3156 286 3199 rae
315 3133 561 3199 curiosis
591 3135 793 3200 adhuc
821 3135 1034 3221 ignota
1074 3134 1236 3216 dari,
1271 3157 1394 3202 nec
1434 3137 1627 3202 vllum
1666 3133 1988 3200 excursum

184 3231 310 3297 fine
335 3232 512 3298 lucro
541 3233 778 3299 nouicii
823 3234 1003 3299 vnius
1042 3233 1374 3300 alteriusue
1407 3257 1509 3319 me
1558 3233 1780 3316 facere,
1815 3230 2019 3313 deni-‡

184 3350 312 3417 que
343 3331 571 3398 crebris
596 3332 814 3398 litteris
842 3330 1115 3399 suasoriis
1156 3331 1450 3400 clariffimi
1491 3331 1754 3399 Domini
1777 3353 1811 3399 a
1834 3349 1987 3396 con·
2017 3335 2019 3407 j

1073 3452 1111 3496 a
1155 3452 1206 3511 4
1843 3427 1983 3497 filiis
2016 3425 2019 3511 J
