2019 3769
602 243 825 285 saeuo
866 247 1235 295 Αιιστιενε.
1657 231 1768 298 181

76 382 131 440 Si
156 378 335 438 hieme
355 379 462 437 oris
489 383 923 461 appropinquat,
959 380 1144 460 (quod
1179 400 1300 439 raro
1340 383 1644 460 contingit,)
1688 383 1771 440 in-

74 463 290 521 terdum
341 465 563 541 glaciem
631 465 756 524 saltu
831 467 1111 526 ascendens
1179 484 1426 524 mortuus
1488 468 1771 544 reperitur.

71 546 263 606 Laesus
296 548 348 605 in
376 549 607 626 angustia
633 553 818 609 mortis
842 573 1004 631 gyros
1031 554 1315 610 continuos
1360 549 1557 609 format
1595 552 1649 608 in
1690 550 1773 615 su„-

73 631 302 711 perficie
326 640 496 709 aquae
513 678 527 701 ,
569 635 750 693 donec
774 656 1014 694 mortuus
1037 635 1265 710 fundum
1292 636 1444 712 petit.
1488 632 1544 708 ²⁶²)

202 752 375 796 vsvs.
419 734 607 811 Editur
634 753 741 793 tam
769 741 981 804 coelus,
1033 757 1192 813 quam
1216 737 1505 815 praecipue
1538 735 1775 804 ficcatus,

71 815 261 894 estque
286 818 760 882 Groe-nlandorum
791 821 936 897 quasi
962 822 1111 898 panis
1147 821 1521 898 quotidianus,
1562 840 1673 878 non
1696 819 1776 878 fa-

70 902 176 959 cile
199 901 262 978 (fi
288 901 581 976 habetur,)
625 905 936 972 derelfflns,
978 923 1038 963 vt
1075 906 1531 970 additamentum,
1573 903 1692 980 post
1720 924 1779 963 a-

71 985 173 1042 lios
193 988 361 1054 cibos»,
377 990 534 1044 etiam
552 987 961 1053 delicatissimos.
1006 987 1099 1064 **),
1176 988 1505 1048 Admiranda
1520 990 1682 1067 igitur
1697 987 1775 1047 est

72 1069 250 1128 diuina
277 1071 650 1148 prouidentia,
691 1067 795 1147 qua
826 1071 976 1148 piscis
1001 1073 1090 1131 hic
1119 1074 1369 1131 omnibus
1401 1075 1547 1130 annis
1577 1073 1780 1130 tamin-

75 1157 226 1231 genti
254 1156 593 1212 multitudine
619 1155 793 1211 littora
818 1157 1002 1231 petits
1024 1155 1360 1231 semetipsum
1399 1157 1542 1233 quafi
1571 1157 1783 1235 egenti-

72 1241 173 1296 bus
200 1238 385 1294 incolis
413 1239 707 1312 praebens,
743 1255 802 1295 vt
827 1258 899 1297 ex
936 1239 1029 1298 illo
1073 1257 1407 1318 prouentum
1447 1241 1783 1303 hibernalem

73 1322 212 1381 facili
251 1323 479 1401 negotio
505 1321 774 1398 colligant.

189 1443 310 1481 cap
329 1445 350 1481 1
369 1445 457 1481 τν
474 1446 504 1480 R
548 1440 802 1498 tempore
828 1422 1058 1499 pruritus
1073 1422 1163 1493 sui,
1192 1441 1248 1483 et
1260 1427 1484 1503 quidem
1513 1426 1656 1484 aestu
1670 1447 1783 1486 ma...-

69 1508 141 1565 ris
166 1506 388 1565 instante
406 1553 420 1575 ,
466 1510 595 1565 dum
629 1525 736 1564 tam
760 1508 829 1564 de
856 1508 1070 1575 littore,
1113 1510 1377 1585 quamde
1403 1511 1633 1583 cymbis,
1661 1511 1784 1586 plu-

70 1611 153 1650 res
182 1591 331 1651 fimul
355 1591 652 1649 hauriendo
682 1592 883 1648 retibus
920 1594 1193 1669 concaui5‚
1207 1613 1278 1651 ex
1313 1594 1621 1653 tendinibus
1647 1614 1785 1652 con-

68 1676 216 1734 fectis
255 1695 310 1737 et
347 1677 628 1733 manubrio
679 1675 963 1755 instrueiiq,
1035 1680 1201 1754 (quali
1240 1677 1591 1741 instrumento
1633 1677 1782 1755 apud

69 1781 171 1818 nos
196 1759 399 1837 squillas
428 1778 615 1838 petere
639 1761 880 1833 solent‚)
922 1762 1073 1820 breui
1100 1781 1355 1839 tempore
1394 1766 1647 1838 cymbam,
1684 1765 1785 1824 im·

68 1845 222 1924 plere
247 1846 450 1912 valent;
492 1845 692 1904 deinde
713 1843 870 1921 super
895 1866 1058 1921 rupes
1085 1864 1252 1904 vento
1279 1848 1563 1914 liceantur,
1603 1865 1657 1906 et
1678 1845 1786 1925 laer

68 1930 143 1988 cis
170 1930 341 1998 infarti
369 1930 681 1988 conduntur
706 1931 759 1985 in
786 1929 1047 2007 speluncis
1087 1933 1354 1992 montium
1388 1933 1477 1994 vel
1514 1931 1607 2001 sub
1645 1949 1783 1995 con·

65 2016 215 2093 gerie
244 2015 504 2091 lapidum.
548 2011 656 2087 ***)

187 2128 372 2185 Habet
397 2122 672 2200 pisciculus
699 2119 789 2177 hic
816 2138 983 2195 quam
1014 2119 1276 2196 plurimos
1309 2120 1695 2197 persecutores,
1727 2136 1784 2185 et

67 2209 282 2268 inseruit
326 2209 578 2265 omnibus
615 2206 725 2264 fere
768 2205 1080 2261 animalibus
1106 2205 1315 2262 marinis
1345 2222 1404 2263 vt
1453 2202 1784 2273 alimentum,

66 2295 224 2372 quod
247 2296 298 2350 in
323 2292 594 2358 antedicstis
617 2291 710 2350 sub
733 2287 905 2374 specie
928 2287 1128 2376 {iugula
1150 2287 1263 2353 (atis
1302 2290 1585 2357 euidenter
1620 2307 1787 2355 mon.

63 2379 285 2444 stratum
310 2375 406 2440 est.

897 2530 964 2594 M.
1014 2546 1043 2604 3
1420 2545 1565 2603 1229.
1599 2528 1777 2585 CLV‘-

131 2683 193 2754 ⁴¹⁸)
225 2687 335 2740 Hoc
358 2685 505 2738 etiam
528 2679 641 2733 alii·
670 2680 879 2752 piscibus
904 2680 1164 2750 competit,
1199 2679 1321 2730 cetis
1357 2695 1422 2739 ne,
1452 2677 1664 2753 quidem·
1695 2692 1778 2736 ex·

208 2759 388 2828 ceptis,
421 2758 509 2827 qui
533 2754 618 2806 tali
642 2766 862 2824 tempore
885 2750 1278 2824 periculofiffimi.

133 2865 212 2934 ⁸⁵)
247 2866 421 2933 Neque
444 2874 604 2913 tamen
628 2860 803 2912 eodem
822 2859 986 2921 modo,
1021 2876 1075 2909 ac
1097 2875 1185 2908 nos
1201 2873 1402 2926 panem²
1429 2856 1616 2920 incolae
1632 2854 1776 2910 illuni

202 2935 465 2990 adhibent:
521 2933 602 2986 sua
627 2932 808 2984 fercula
833 2934 965 2991 enim
997 2929 1234 3001 fimplieia
1268 2930 1547 2988 consumere
1593 2928 1773 2994 solent,

205 3007 280 3061 nil
301 3009 506 3059 omnino
529 3009 667 3078 panis
691 3004 801 3057 loco
825 3005 1072 3057 habentes.

133 3113 245 3174 ΨΜ)
282 3116 417 3165 Dum
440 3112 750 3167 necessarium
774 3110 1086 3171 omuino‘est,
1121 3119 1176 3160 vt
1201 3109 1293 3169 rite
1317 3107 1578 3172 siccentur,
1613 3124 1675 3159 ne
1687 3124 1774 3178 pu.

204 3186 417 3249 erest-ant,
450 3183 746 3254 intelligitur
761 3181 916 3248 facile,
941 3180 1154 3252 pluuiam
1170 3182 1534 3232 continuantem
1551 3179 1639 3231 tali
1655 3193 1775 3232 tem·-

202 3275 325 3329 pore
351 3255 670 3313 Gtoenlandis
690 3274 842 3330 aeque
873 3256 1069 3310 noxiam
1090 3251 1185 3309 effe
1199 3291 1223 3321 „
1281 3269 1336 3317 τις
1373 3254 1516 3308 nobis
1553 3266 1774 3324 tempore

204 3330 380 3387 meffiu.
