2019 3769
598 197 820 239 FALCO
864 198 1334 238 Rvsrxconv&
1746 203 1820 262 55

292 333 502 392 Crebro
529 332 714 390 sedens
753 335 806 390 in
847 334 1122 392 cacumine
1154 333 1434 393 insularum
1478 335 1566 392 vel
1593 335 1820 414 rupibus

112 419 382 475 maritimis
407 417 758 494 circumspicit
783 418 998 476 sollicite
1037 421 1273 495 rapinam
1308 420 1625 496 petendam,
1669 420 1820 497 opti-

109 522 314 578 meque
354 503 425 559 de
486 503 639 559 bullis
679 501 1082 561 ascendentibus
1127 505 1304 560 auium
1359 503 1817 580 submergentium

109 586 442 645 concludere
465 588 623 653 valet,
648 587 740 644 vbi
764 608 1043 666 emergere
1088 588 1319 655 debent,
1356 588 1594 665 illucque
1628 588 1816 647 volitat

108 673 200 729 vix
228 670 561 748 filperficiem
590 690 761 748 aquae
790 689 1066 750 tangentes
1100 671 1357 729 infestans,
1415 672 1675 749 Rapinam
1701 692 1814 730 ma-

105 757 298 822 iorem,
324 757 412 813 alis
448 756 546 813 suis
578 756 862 813 retrorsum
906 757 1247 834 remigando,
1285 758 1338 813 in
1377 773 1570 813 terram
1612 755 1813 830 aufert;

103 841 372 898 interdurn
398 858 577 897 tamen
604 841 817 917 phocae
840 860 1162 918 permagnae
1191 841 1456 918 vnguibus
1479 840 1578 898 suis
1614 839 1666 897 se
1700 838 1812 898 affi-

103 945 253 1003 gem,
280 924 371 983 sub
399 927 595 984 eiulatu
623 945 821 1003 magno
855 925 1004 1004 sequi
1040 928 1253 984 condius
1277 927 1330 982 in
1365 925 1809 1004 profunditatem,

102 1012 260 1088 perit.

269 1147 435 1188 vsvs,
493 1129 631 1182 Caro
657 1145 682 1180 a
709 1125 887 1183 multis
914 1126 1090 1183 editur
1124 1130 1288 1184 cossa.
1376 1128 1548 1185 Pelles
1573 1129 1625 1183 in
1651 1126 1806 1185 vesti·

96 1229 270 1271 menta
298 1211 514 1284 corpori
540 1209 785 1284 proxima
803 1209 1132 1266 consuuntur
1142 1229 1159 1283 3
1183 1212 1340 1267 etiam
1367 1231 1470 1286 pro
1485 1209 1663 1275 stratiS,
1694 1228 1805 1271 tam

91 1298 248 1373 super
261 1293 428 1358 cistas,
454 1312 614 1366 quam
630 1293 680 1347 in
697 1292 900 1365 cymbis
926 1294 1239 1358 minoribus,
1263 1311 1316 1352 at
1329 1295 1508 1362 rarius,
1536 1293 1798 1351 adhiben-

89 1396 193 1436 tur.
275 1376 529 1434 Rostrum
568 1394 624 1434 et
643 1396 850 1454 vngues
885 1395 944 1436 vt
979 1378 1122 1436 bona
1160 1379 1390 1442 amuleta
1424 1379 1690 1441 habentur
1732 1379 1801 1438 ab

90 1462 348 1521 EthniciS.

258 1603 291 1638 e
307 1605 334 1639 a
353 1602 380 1638 Ρ
397 1604 470 1638 1-1·
486 1603 566 1638 vn
608 1581 695 1639 vel
720 1599 843 1645 arcu
869 1582 1072 1651 maiori,
1095 1582 1180 1642 vel
1207 1583 1307 1644 reti
1325 1584 1377 1646 in
1401 1583 1530 1642 niue
1555 1583 1796 1643 occulta-

90 1684 150 1724 to
175 1667 314 1723 circa
349 1667 614 1741 rapinam,
654 1667 742 1723 vel
780 1669 942 1724 rarius
979 1668 1160 1724 dando
1185 1668 1236 1727 ei
1257 1668 1464 1730 lardum
1492 1668 1794 1746 copiosum,

85 1751 248 1825 vnde,
287 1750 462 1826 phoca
488 1753 640 1808 tertia
675 1754 919 1814 nondum
946 1751 1249 1821 consumta,
1286 1753 1548 1814 debilitari
1582 1753 1793 1822 dicitur,

84 1854 144 1893 vt
167 1834 317 1893 facile
343 1835 635 1896 occidatur.
722 1837 853 1895 Pulli
875 1838 1032 1897 etiam
1057 1838 1166 1897 viui
1203 1839 1255 1896 in
1287 1837 1419 1898 nido
1458 1837 1790 1915 accipluntut

82 1918 379 1997 periculose
405 1918 537 1988 satis,
564 1939 671 1981 tam
698 1923 771 1980 ob
799 1921 916 1978 loca
939 1938 1241 1998 praerupta,
1268 1941 1431 1999 quam
1447 1923 1521 1979 ob
1536 1939 1787 2000 parentes

82 2004 377 2069 irascentes,
464 2006 674 2082 Sclopis
701 2006 939 2069 iamdum
974 2006 1276 2079 praesertim
1304 2006 1578 2069 disiicitur.

248 2196 360 2264 34,
415 2170 792 2249 EALco
849 2169 1594 2249 Rvs'rmows.

273 2309 462 2374 Falco.
490 2330 623 2374 cera
652 2309 956 2396 palpebris
984 2308 1370 2396 pedibusque
1396 2309 1610 2396 luteiS‚
1640 2330 1778 2377 cor·

78 2426 234 2495 pore
259 2408 512 2476 cinereo
545 2408 809 2495 alboque
838 2407 1160 2493 vndulatQ
1190 2408 1404 2479 collari.
1433 2409 1599 2479 albo.

324 2535 479 2593 Falco
503 2534 786 2614 rusticolus,
809 2537 935 2611 Syst.
953 2556 1056 2599 nat.
1074 2540 1113 2605 1,
1138 2556 1271 2615 ως.
1299 2540 1462 2598 Faun.
1488 2540 1647 2596 Suec.
1677 2542 1776 2618 56.

323 2620 471 2681 Falco
508 2621 735 2680 islandus
753 2619 960 2705 fufius,
987 2626 1144 2686 Briin.
1186 2643 1243 2702 9.
1269 2623 1424 2684 Miill.
1461 2622 1650 2702 prodr.
1689 2642 1767 2704 73

423 2721 480 2766 et
503 2725 625 2782 pag.
659 2709 808 2768 v111.

315 2788 574 2871 Spragled
596 2790 735 2858 Fam,
760 2792 855 2868 Eg.
887 2812 979 2870 35,

319 2871 611 2958 Geflecktcr
636 2874 774 2941 faut,
797 2869 957 2938 Mart.
975 2880 1146 2954 11279.
1167 2898 1191 2940 1
1207 2899 1280 2957 29
1296 2880 1324 2937 ἓ

227 3015 265 3053 G
280 3015 311 3052 s
325 3012 362 3061 Q
378 3017 406 3051 ε
420 3014 460 3052 N
474 3013 507 3056 ι,
519 3018 550 3052 A
562 3016 672 3053 Nu.
709 2994 1120 3078 Kirltsow'arfidt²
1144 2995 1219 3080 (v.
1233 2996 1568 3084 Kekingoak,)
1593 2993 1770 3054 Mille-c-

20 3093 31 3101 '
67 3077 306 3138 kttlartok
348 3078 424 3152 ¹³).

482 3236 487 3241 x
928 3168 982 3222 D
1026 3186 1069 3244 4
1667 3187 1766 3222 m:-

138 3247 187 3313 a)
221 3247 418 3296 Nomen
446 3249 634 3312 generis
659 3249 724 3302 est
737 3247 1098 3315 Kirkffiviarfiuk,
1120 3268 1170 3306 v.
1202 3248 1484 3325 Kekiugoalt:
1509 3248 1657 3311 sedin
1673 3247 1768 3298 dif-

212 3317 470 3372 ferentiam
497 3319 760 3393 specificam
785 3322 865 3373 hie
887 3322 1063 3375 dicitur
1087 3322 1447 3387 Millekulartolu
1473 3316 1767 3445 xnacfxlatusz

1593 3411 1779 3463 equens-
