2019 3769
574 230 1302 274 Gnnvs-AEGLEHNVS.
1666 223 1788 292 ‘143

321 368 504 429 Gadus
534 365 687 448 dorsi>
715 375 1061 452 triptevygio,
1101 390 1191 426 ore
1209 365 1475 452 pupillosb‚
1521 369 1690 427 cauda
1714 365 1793 426 bi-

405 454 606 526 furca,
645 454 778 511 linea
803 456 1011 513 laterali
1038 452 1210 523 resia,
1255 457 1321 516 lt.
1349 452 1587 531 Wgoth.
1619 463 1756 530 178.

317 534 567 615 Skaelfisk,
608 539 751 596 And.
780 550 876 618 83.
1770 567 1775 572 ·

196 661 235 701 G
251 662 283 698 R
300 658 336 697 0
353 664 381 698 h
394 661 435 697 N
453 662 501 697 1..
549 638 933 720 Mifizrleornak,
975 639 1228 701 Ekalluak.

192 761 432 801 nescu.
474 744 530 798 B.
549 747 607 800 6.
636 744 712 801 D.
739 762 826 819 13,
854 761 940 821 15¹,
962 750 1076 822 23(
1103 747 1161 800 P.
1188 764 1279 816 19.
1303 746 1380 802 V.
1399 749 1453 805 6.
1480 749 1549 804 A.
1573 757 1664 813 17,
1691 757 1796 803 20.

68 826 131 888 C.
159 843 252 900 32.
337 827 487 884 Licet
511 826 675 883 multa
710 826 867 884 huius
902 826 1101 903 speciei
1140 829 1417 886 indiuidua
1454 827 1796 903 contempla-

68 927 154 968 tus
181 908 302 977 fim,
346 930 620 987 nunquam
646 913 904 968 maculam
932 912 1135 988 nigram
1164 912 1232 969 ad
1269 914 1454 990 pinnas
1496 911 1797 989 petiorales

66 995 320 1071 indagare
349 996 509 1053 valui.
599 997 715 1051 Mei
741 1015 930 1050 omnes
957 1014 1105 1052 erant
1130 996 1445 1064 albicantes,
1500 996 1799 1054 abdomine

67 1099 271 1155 nempe
297 1096 352 1136 et
371 1079 546 1154 pinnis
572 1076 913 1133 inferioribus
938 1097 1124 1134 reuera
1149 1080 1304 1146 albis,
1347 1082 1597 1137 lateribus
1636 1081 1799 1156 nigro

64 1159 407 1221 minutiffime
435 1160 689 1237 punfilatis
707 1200 722 1227 ,
763 1159 925 1229 dorso
953 1180 1084 1217 vero
1110 1161 1284 1220 liuido
1301 1198 1325 1207 -
1355 1165 1462 1236 (vel
1479 1164 1625 1222 fusco
1642 1165 1694 1238 ·>
1721 1163 1799 1219 al-

65 1247 296 1303 bicante.
383 1247 532 1302 Faux
558 1263 747 1318 pamm
770 1243 1085 1320 nigrescens,
1182 1248 1410 1323 Reliqua
1436 1251 1645 1324 optime
1661 1268 1801 1305 con—

62 1331 289 1386 veniunt
312 1347 435 1384 cum
462 1327 631 1384 deser.
660 1332 778 1386 Art.
805 1332 896 1405 Sp.
928 1328 961 1386 l.
986 1349 1030 1386 c.
1086 1329 1180 1386 vbi
1226 1351 1328 1388 nec
1361 1333 1563 1388 macula
1606 1337 1800 1407 pedio-

63 1413 182 1471 ralis
210 1413 364 1488 (licet
391 1430 541 1469 antea
564 1431 689 1487 gen.
717 1431 774 1488 p.
803 1416 925 1486 20⁴)
971 1413 1036 1470 ab
1071 1414 1163 1472 illo
1192 1433 1488 1472 memorata
1530 1415 1635 1486 est3
1692 1436 1798 1487 nee

62 1499 328 1555 Linnaeus
354 1500 418 1557 lt.
457 1501 610 1555 Scan.
653 1512 708 1553 et
741 1499 802 1555 It.
841 1496 1082 1575 Wgoth.
1121 1500 1173 1558 ll.
1211 1519 1294 1557 ce.
1348 1500 1489 1556 illam
1529 1495 1800 1557 nominat:

59 1582 186 1640 hinc
207 1582 501 1648 concludo,
545 1602 657 1638 non
684 1581 789 1638 effe
814 1600 998 1640 notam
1013 1577 1364 1648 constantem,
1449 1586 1625 1643 Facile
1642 1585 1800 1643 vide-

63 1684 152 1724 tur
180 1666 379 1743 piscem
408 1686 588 1724 meum
615 1665 719 1722 effe
743 1669 1027 1745 merlango
1076 1669 1235 1726 valde
1272 1668 1518 1737 affinem,
1572 1690 1675 1727 nec
1714 1686 1798 1727 ta—

50 1770 189 1808 ·men
220 1752 368 1808 idem
406 1749 504 1808 est:
555 1750 722 1808 habet
761 1754 905 1808 enim
940 1753 1137 1810 cirrum
1173 1753 1400 1812 breuem
1439 1754 1532 1812 sub
1573 1773 1796 1823 mente,

43 1840 179 1914 ‘'quo
223 1835 527 1912 merlangus
564 1855 727 1893 caret.
827 1838 1090 1904 Maximi,
1146 1859 1286 1915 quos
1325 1841 1379 1895 in
1428 1839 1796 1898 Groenlandia

60 1920 198 1988 vidi,
242 1921 640 1998 longitudinem
677 1939 747 1991 14
775 1940 898 1982 vne.
926 1921 1250 1980 habuerunt.

186 2046 271 2081 HA
288 2043 312 2078 B
331 2046 352 2080 1
369 2030 454 2079 ΤΑ
471 2034 509 2078 τ
554 2018 740 2098 paffim
772 2022 840 2078 ad
868 2041 987 2079 oras
1016 2039 1072 2080 et
1099 2022 1153 2078 in
1180 2021 1395 2080 finubus
1414 2068 1429 2091 ,
1474 2042 1586 2081 non
1611 2040 1794 2083 tamen

59 2108 348 2181 omnibu5‚
437 2105 746 2182 praesertim
787 2107 1090 2165 borealibus
1131 2124 1386 2186 tempore
1426 2107 1641 2167 hiemali
1674 2110 1795 2169 satis

56 2189 392 2250 numerosus-

182 2312 364 2350 Esca.
413 2282 496 2350 ¹In
549 2293 851 2352 ventriculo
902 2294 1018 2352 eius
1072 2295 1145 2351 nil
1190 2297 1370 2373 reperi
1417 2314 1633 2374 praeter
1684 2315 1795 2357 oua

49 2371 297 2454 piscium.

181 2476 373 2535 Mense
398 2478 688 2537 Februario
717 2499 821 2538 oua
849 2479 965 2549 sua,
1018 2481 1219 2558 pallide
1265 2482 1454 2551 rubra,
1503 2481 1572 2539 ad
1611 2482 1792 2543 littora

51 2562 264 2622 finuum
287 2564 425 2621 inter
449 2562 604 2622 fucos
638 2583 854 2641 ponunt
888 2565 1157 2624 foeminae
1194 2567 1454 2644 gregatim
1493 2568 1790 2625 aduenien-

49 2665 163 2715 τες,
202 2642 403 2705 deinde
427 2668 596 2706 mares
626 2648 901 2727 separatim
941 2650 1224 2728 sequentes
1265 2670 1486 2729 ouaque
1521 2651 1790 2711 visitantes

45 2732 228 2792 semen
252 2732 403 2789 suum
428 2733 653 2797 addunt.

103 2863 106 2866 ’
173 2848 554 2906 Summitatem
582 2846 738 2906 'maris
766 2859 925 2910 amat.
1011 2838 1340 2925 Vesper-tino
1365 2863 1618 2927 tempore
1646 2870 1787 2928 aqua

59 2934 331 3000 motitata‚
373 2931 526 2989 facile
552 2933 800 3004 allicitur,
847 2930 990 3010 quafi
1018 2932 1283 2998 curiosus»,
1338 2936 1405 2992 ad
1450 2932 1782 3013 superficiem

52 3032 258 3093 Vsque,
298 3015 454 3094 saepe
475 3016 570 3077 suo
594 3018 824 3080 damno:
864 3018 1135 3076 interdum
1161 3019 1305 3075 enim
1351 3019 1509 3097 super
1557 3022 1785 3097 glaciem

51 3098 190 3167 salit,
219 3118 274 3157 et
296 3103 438 3160 canis
463 3103 722 3180 lagopus,
766 3103 894 3159 inde
920 3100 1200 3159 occafione
1224 3101 1409 3172 sumta,
1450 3105 1640 3162 callide
1669 3106 1784 3162 satis

51 3184 120 3242 ad
149 3185 326 3242 littora
350 3187 497 3243 illum
538 3186 924 3264 exspedlandO,
989 3187 1121 3263 quin
1155 3189 1267 3246 imo
1300 3208 1502 3268 aquam·
1533 3190 1589 3246 in
1634 3190 1783 3247 rimis

51 3269 238 3348 glaciei
266 3271 413 3350 pede
435 3271 531 3331 suo
558 3274 845 3351 agitando,
889 3272 1260 3357 caperesolet.

1594 3408 1774 3476 vsra

1043 3468 1062 3491 Σ
