2019 3769
177 229 294 298 1-'50
399 271 402 273 Α
917 230 1171 282 rtscsss.

299 372 602 436 Gnotzu'..
644 370 993 454 Kurkstmnak.
1758 385 1762 388 ·

310 481 540 519 nescu.
587 464 715 521 ss.6.
745 464 817 518 D.
839 470 933 528 88.
960 463 1015 515 P.
1039 479 1128 518 12.
1153 461 1226 523 V.
1251 478 1305 518 2.
1332 459 1512 535 A.45.
1551 455 1618 516 C.
1640 479 1732 538 24.
1785 461 1908 517 Ma-

182 543 350 611 ximi,
405 565 547 621 quos
573 544 712 610 vidi,
761 564 797 618 9
829 562 950 601 vnc.
993 543 1143 619 longi
1182 560 1236 599 et
1280 543 1455 618 &lati
1498 562 1674 610 erant,
1717 543 1909 601 vnicus

185 644 374 686 tamen
397 630 605 707 pedem
629 627 920 702 superabat.
963 629 1139 684 Color
1163 628 1687 686 cinereo-flauicans
1723 647 1913 685 macu-

183 711 249 770 fls
274 713 454 770 multis
486 710 854 786 pallidioribus
881 711 1213 787 lateralibu5‚
1271 732 1413 787 quae
1455 731 1575 770 ante
1617 721 1780 769 anum
1816 712 1914 768 fla-

183 796 391 863 vicant,
433 795 551 874 post
577 815 710 852 vero
735 796 990 853 albicant:
1033 811 1245 873 praeter
1269 798 1360 853 has
1391 797 1456 853 ad
1473 799 1706 855 radicem
1722 798 1916 873 pinnae

185 880 402 939 dorialis
447 902 512 939 12
546 880 790 938 maculae
814 882 992 948 albae,
1036 881 1183 938 disco
1213 881 1370 956 nigro
1397 885 1683 956 punciatm
1726 882 1917 938 itidem

188 966 255 1021 ad
284 965 525 1022 radicem
555 966 751 1040 pinnae
775 967 929 1022 analis
966 987 986 1026 1
1007 987 1033 1025 2
1065 966 1309 1023 maculae
1333 966 1482 1023 albae
1499 983 1704 1023 tantum
1732 986 1788 1023 et
1813 966 1918 1021 mi-

186 1065 369 1108 nores.
460 1051 621 1107 Pinna
649 1051 809 1107 analis
834 1068 886 1109 et
916 1052 1085 1108 antica
1115 1070 1235 1127 pars
1279 1049 1494 1109 dorsalis
1531 1050 1741 1117 fuluae,
1795 1051 1919 1107 reli-

187 1152 333 1210 quae
362 1132 555 1196 fiauae.
645 1136 824 1212 Caput
849 1136 1103 1193 lateribus
1153 1136 1395 1200 fumum,
1449 1135 1539 1192 sed
1576 1134 1724 1193 fascia
1770 1137 1920 1212 nigra

186 1216 368 1275 transit
393 1219 654 1295 opercula
675 1236 731 1278 et
757 1220 1049 1291 verticem,
1093 1239 1215 1276 ante
1241 1240 1403 1296 quam
1443 1221 1589 1287 alba,
1647 1241 1744 1297 per
1783 1238 1922 1276 ocu·

185 1301 271 1360 los
298 1302 466 1380 grisea
492 1306 646 1381 nigro
669 1306 958 1380 marginata
982 1347 996 1372 ‚
1037 1322 1092 1362 et
1118 1322 1239 1362 ante
1271 1305 1462 1362 oculos
1491 1307 1636 1368 alba,
1677 1306 1920 1376 ducitur;

186 1388 463 1464 reliquum
504 1388 939 1464 rostri-griseum,
983 1391 1107 1467 gula
1133 1409 1264 1446 vero
1297 1389 1430 1452 alba,
1520 1391 1670 1447 Cutis
1718 1389 1921 1446 lubrica

187 1469 421 1548 squamis
450 1475 541 1531 vix
564 1473 911 1534 notabilibus.
1001 1473 1165 1531 Linea
1195 1474 1418 1530 lateralis
1463 1477 1598 1531 recia
1637 1475 1923 1533 concolor.

189 1557 410 1652 Corpus
463 1558 818 1614 lanceolato-
847 1558 1239 1634 compressum,
1308 1559 1484 1633 capite
1531 1555 1924 1633 comprefliore

189 1641 401 1698 vertice
444 1632 762 1699 acuminato
803 1660 927 1700 ante
970 1643 1189 1710 oculos,
1256 1642 1431 1698 rostro
1470 1641 1610 1718 quasi
1653 1658 1922 1700 truncato·

191 1725 468 1801 opercula
494 1723 871 1784 branchiamm
909 1726 1142 1786 carnosa.
1226 1727 1541 1783 Mandibula
1580 1726 1800 1785 inferior
1847 1725 1926 1783 su-

190 1810 413 1887 periore
438 1812 611 1867 multo
656 1811 901 1887 longior,
964 1811 1122 1887 quod
1174 1815 1385 1887 optime
1431 1811 1779 1889 cognoscitur
1827 1830 1926 1867 ore

194 1910 388 1970 aperto
497 1895 660 1951 Labia
705 1914 931 1971 magna,
983 1913 1037 1952 et
1085 1896 1338 1953 denticuli
1380 1898 1589 1953 ratione
1627 1895 1778 1972 piscis
1813 1895 1925 1952 satis

192 1977 385 2043 validi,
429 1980 636 2045 conici,
677 1981 858 2048 curui,
902 1982 955 2034 in
991 1997 1220 2056 vtraque
1262 1981 1470 2038 maxilla
1498 1981 1690 2037 ordine
1734 1981 1926 2047 vnic0,

195 2063 378 2120 antice
403 2080 582 2119 tamen
613 2064 906 2141 aggregati.
962 2065 1121 2122 Oculi
1148 2065 1298 2139 parui
1322 2065 1455 2121 iride
1481 2065 1748 2123 flanimea.
1815 2068 1929 2122 Na-

196 2165 284 2204 res
317 2171 342 2206 2
374 2147 632 2209 minutae.
720 2152 912 2206 Punc‘la
942 2149 1183 2226 imprell'a
1209 2147 1489 2205 numerosa
1530 2151 1664 2206 circa
1703 2149 1929 2216 ocuIOS,

195 2229 359 2308 super
388 2233 647 2307 opercula
674 2250 730 2292 et
753 2231 1008 2292 nucham.
1093 2237 1298 2312 Lingua
1325 2232 1502 2291 breuis
1520 2280 1532 2304 ‚
1577 2234 1768 2301 laeuiS‚
1826 2235 1932 2290 ob-

195 2315 324 2374 tusa
430 2318 720 2374 Branchiae
761 2338 804 2395 4
844 2318 1192 2375 rubicundae.
1292 2321 1565 2395 Apertum
1616 2315 1931 2375 branchialis

196 2400 412 2477 ampla,
474 2400 606 2459 infra
654 2402 763 2460 fine
813 2402 1091 2460 interstitio
1134 2420 1189 2460 et
1224 2403 1398 2459 minus
1438 2404 1706 2478 operculis
1744 2401 1932 2462 clausa.

195 2487 522 2544 Membrana
562 2487 965 2565 branchiostega
1004 2492 1041 2546 6
1063 2488 1289 2564 quidem
1326 2487 1503 2544 radios
1537 2484 1729 2554 habet,
1788 2487 1932 2544 duos

196 2568 480 2628 inferiores
524 2569 898 2630 minutissimos
939 2589 1152 2639 tamen,
1208 2589 1262 2630 et
1297 2570 1447 2628 facile
1486 2572 1932 2647 praetereundos·

199 2655 389 2713 Pessus
421 2658 689 2714 eminens,
758 2673 972 2734 praeter
998 2657 1183 2732 pinnas
1224 2654 1521 2734 peciorales
1566 2657 1932 2715 cuneiformes

199 2754 266 2796 et
289 2741 548 2798 ventrales
574 2743 822 2818 gracile5‚
867 2741 934 2799 ad
976 2741 1254 2799 branchias
1289 2740 1426 2797 duos
1463 2741 1625 2798 lobos
1663 2740 1935 2799 membra-

198 2839 398 2880 naceos
428 2846 644 2900 parum,
685 2826 828 2904 quasi
857 2827 1042 2903 pinnas
1069 2825 1282 2904 spurias,
1322 2821 1505 2889 habet.
1591 2826 1786 2882 Pinnae
1800 2845 1936 2882 ven-

197 2907 359 2964 trales
395 2907 508 2967 sere
540 2912 1059 2987 perpendiculariter
1108 2909 1202 2969 sub
1237 2909 1623 2987 pecioralibus,
1694 2909 1936 2969 constant

198 2988 406 3066 spinula
429 3013 590 3051 curua
622 3013 678 3054 et
704 2995 1078 3054 membranula
1103 2994 1297 3053 laterali
1322 2995 1612 3070 marginata
1637 2995 1788 3052 radio
1809 2993 1935 3071 spu-

200 3073 304 3135 rio.
395 3077 558 3132 Pinna
587 3079 799 3157 dorsalis
839 3100 867 3138 a
896 3079 1071 3137 nucha
1114 3079 1353 3155 depress'a
1394 3097 1568 3154 vsque
1601 3079 1668 3135 ad
1708 3079 1936 3137 caudam
1985 3080 1994 3084 ⁷

199 3160 516 3238 protendit,
560 3182 687 3221 curn
710 3183 818 3241 qua
848 3165 1012 3222 etiam
1043 3161 1409 3221 membranula
1444 3162 1713 3260 iungitur,
1755 3164 1937 3222 radios

201 3244 477 3302 aculeatos
499 3242 692 3310 haben
734 3248 922 3305 itidem
952 3249 1109 3321 analis
1141 3249 1214 3315 de
1237 3265 1341 3303 ano
1368 3247 1626 3332 incipiens
1656 3266 1783 3306 cum
1808 3265 1937 3306 cau·

199 3328 311 3386 dali
338 3329 695 3394 cuneiformi
682 3334 952 3415 iungitur,
990 3331 1083 3396 sed
1103 3331 1288 3394 radios
1309 3333 1513 3392 anticos
1559 3349 1773 3392 tantum
1809 3353 1938 3392 acu·

197 3409 390 3476 lentos
396 3409 591 3479 habea
1689 3437 1937 3478 namur
