2019 3769
572 244 844 282 MtnvsA
892 241 1272 281 BIMORPHA.
1328 257 1331 261 ·
1544 260 1552 263 >
1659 236 1774 308 365

70 389 104 451 8
135 381 270 438 locis
295 378 480 437 incisus
505 378 594 448 est,
630 382 774 438 vnde
799 382 910 438 lobi
940 377 1197 445 totidem3
1241 378 1296 434 hi
1334 380 1529 437 iterum
1551 402 1666 458 ‘per
1693 385 1776 441 in·-

67 464 256 523 cisuras
284 466 519 521 minores
552 466 604 520 in
636 489 663 525 2
694 465 1120 530 subdiuiduntur,
1163 480 1218 519 et
1240 462 1310 521 fic
1341 463 1572 522 sedecies
1594 473 1777 525 'emar-³

67 551 245 628 ginata
279 550 384 607 dici
411 549 612 626 potest:
669 549 704 606 fi
736 569 915 607 autem
941 553 1082 606 re&e
1110 549 1444 614 attendatur,
1490 550 1648 608 Iobus
1679 554 1777 608 fin-

65 633 225 711 gulus
251 634 432 691 minor
458 636 614 691 etiam
645 635 919 692 incisuram
947 636 1106 691 vilem
1138 632 1331 700 habet,
1379 634 1559 710 itaque
1584 656 1778 694 reuera

63 719 374 776 tricies—bis
403 721 724 797 emarginata
750 719 840 776 est.
883 753 963 762 --
1005 722 1179 794 Supra
1200 738 1444 775 connexa
1481 718 1778 786 laeuis;v·—-

60 802 245 860 subtus
272 805 324 858 in
353 805 536 861 medio
565 823 810 881 apertura
833 804 1139 860 orbicularis
1163 804 1216 859 in
1245 804 1530 860 c‘auitat'em
1545 806 1779 882 amplio-

59 907 176 945 rem
202 885 405 945 ferens:
457 891 650 946 cauit-as
676 889 809 946 haec
835 907 1010 945 tamen
1050 906 1221 946 totam
1262 888 1638 963 peripheriam·
1663 909 1777 949 non

62 990 330 1049 occupat,
367 974 672 1049 relinquens
700 973 877 1037 versus
904 975 1198 1049 marginem
1226 973 1387 1047 plene
1417 977 1626 1031 tertiam
1654 996 1776 1051 par-

62 1073 174 1113 tem
204 1060 450 1134 corporis
479 1058 726 1133 solidam;
779 1058 1010 1113 obduci-a
1050 1056 1126 1112 est
1160 1075 1338 1113 autem
1378 1074 1501 1114 cute
1539 1058 1775 1117 tenuiffi-

59 1160 164 1208 ma,
204 1144 290 1198 cui
316 1148 556 1198 annexae
584 1141 699 1198 sunt
722 1141 980 1198 vesiculae
1010 1143 1323 1197 innumerae
1351 1144 1622 1200 materiam
1642 1156 1773 1220 pnr-

57 1245 281 1301 puream
307 1226 646 1281 continentes
677 1225 912 1302 (forfitan
940 1226 1149 1296 ouaria)
1168 1267 1182 1290 ‚
1224 1242 1392 1282 totam
1423 1245 1597 1284 aream
1631 1228 1773 1285 hanc

56 1318 321 1385 tegentes.
428 1314 755 1383 Aperturam
796 1309 1085 1364 centralem
1135 1310 1303 1384 cingit
1338 1330 1471 1366 crux
1513 1313 1779 1396 eminenst

54 1393 201 1450 vnde
239 1393 559 1449 emittuntur
594 1393 799 1449 flabella
839 1415 879 1467 4
918 1392 1324 1448 membranacea
1369 1394 1563 1469 longa,
1621 1389 1778 1456 extra

51 1479 348 1554 marginem
374 1478 620 1552 corporis
648 1476 1007 1553 prominentia
1025 1517 1039 1541 ,
1094 1492 1149 1531 et
1175 1481 1484 1551 congeriem
1511 1480 1774 1540 cirrorum

50 1563 372 1639 capillariam
400 1562 796 1638 granulatorum
818 1560 1091 1617 fuluorum
1118 1559 1354 1617 ferentia.
1378 1592 1459 1602 -——
1501 1565 1611 1621 Sub
1637 1568 1772 1625 lobo

50 1645 259 1724 singulo
282 1647 488 1702 maiore
518 1647 768 1722 marginis
792 1669 819 1705 z
839 1645 970 1714 radii
997 1646 1277 1701 acuminati
1301 1647 1616 1717 eminente&
1649 1652 1773 1709 lon·

51 1731 421 1808 gitudinaliter
460 1729 653 1787 sulcati.
699 1764 780 1774 —-
842 1729 1139 1804 Reliquum
1175 1729 1403 1787 inferum
1442 1734 1511 1789 de
1551 1736 1774 1803 incisu-ra

48 1818 259 1874 maiore
284 1816 531 1892 marginis
561 1816 612 1869 in
646 1816 884 1872 cauitatis
913 1814 1120 1870 initium
1149 1818 1486 1889 geometrice
1511 1817 1660 1877 sulcis
1687 1823 1771 1877 di-

47 1900 217 1959 visum
254 1899 329 1957 est
363 1901 416 1955 in
459 1901 640 1976 piures
678 1900 906 1957 circulos
944 1900 1344 1967 concentrioeS,
1388 1901 1554 1978 hique
1580 1924 1773 1965 omnes

47 1986 206 2042 radiis
230 1991 305 2045 16
337 1986 390 2040 in
419 1985 649 2041 totidem
678 2004 822 2041 areas
847 1983 994 2039 sulcis
1022 1984 1317 2040 minoribus
1346 1984 1561 2043 sulcatas
1589 1988 1772 2047 secan-

47 2087 161 2138 tur,
216 2089 399 2147 exque
431 2069 511 2125 his
551 2071 680 2125 areis
714 2070 950 2125 alternae
986 2066 1216 2124 incisuris
1255 2070 1547 2128 maioribus
1578 2078 1771 2151 margi-

47 2155 126 2211 nis
154 2155 544 2231 respondentes
575 2173 742 2212 cauae
766 2153 896 2210 sunt.
927 2185 1006 2199 ·—-
1047 2152 1372 2229 Superficies
1397 2157 1622 2215 interior
1644 2179 1774 2236 pur-

44 2259 218 2317 purea
247 2256 555 2316 transparet.

170 2365 486 2399 naam-ar
530 2340 788 2418 frequens
820 2341 874 2397 in
909 2343 1072 2411 mari,
1113 2340 1423 2420 praesertim
1459 2344 1514 2399 in
1550 2344 1769 2405 finubus

45 2425 225 2484 mense
250 2428 552 2502 Septembri
582 2427 759 2483 obuia.

166 2527 390 2586 Oniscus
421 2528 758 2585 medusarum
783 2529 922 2587 inter
955 2545 1009 2585 et
1033 2532 1173 2586 circa
1204 2530 1373 2588 cirros
1411 2531 1525 2588 eius
1557 2548 1768 2592 tantum

44 2613 247 2673 obuius
272 2612 379 2670 fine
408 2614 579 2669 dubio
604 2615 751 2670 cibus
776 2615 904 2671 eius,

171 2716 524 2792 Progreditur
561 2717 719 2772 lobos
745 2716 993 2792 marginis
1019 2715 1318 2785 flectendm
1363 2715 1524 2774 dorso
1556 2736 1767 2781 antror-

42 2797 156 2858 sum
186 2799 356 2869 verse,
392 2800 596 2858 flabella
626 2802 809 2858 cirrata
837 2819 896 2858 vt
921 2801 1146 2858 caudam
1173 2800 1295 2878 post
1330 2797 1380 2858 se
1412 2802 1644 2866 trahen's.

198 2979 356 3050 359.
407 2955 878 3030 MEDVSA
931 2947 1546 3031 BIMORPHA.
1594 2970 1626 3001 ⁹

182 3093 435 3160 Medusa
463 3095 649 3160 dorso
679 3095 1032 3182 eminente,
1086 3093 1293 3160 subtus
1320 3076 1520 3180 sscruc'e
1563 3077 1765 3162 minu·

39 3207 101 3258 ta
124 3190 534 3259 foraminibus
563 3215 594 3274 5
622 3193 854 3278 maesta,
908 3191 1180 3279 margine
1210 3191 1442 3262 ciliato.
1486 3232 1492 3234 f

294 3322 515 3404 Medufiz
539 3322 806 3406 bimorpha
820 3370 839 3404 ,
882 3323 1038 3384 Mtffl.
1062 3322 1254 3420 prodr.
1288 3346 1318 3386 2
1331 3335 1361 3394 8
1377 3348 1401 3386 2
1416 3345 1469 3405 3.

1566 3441 1758 3481 DESCR-
