<?xml version="1.0" encoding="UTF-8"?>
<!DOCTYPE html PUBLIC "-//W3C//DTD XHTML 1.0 Transitional//EN"
    "http://www.w3.org/TR/xhtml1/DTD/xhtml1-transitional.dtd">
<html xmlns="http://www.w3.org/1999/xhtml" xml:lang="en" lang="en">
 <head>
  <title>
</title>
<meta http-equiv="Content-Type" content="text/html;charset=utf-8" />
  <meta name='ocr-system' content='tesseract 3.04.00' />
  <meta name='ocr-capabilities' content='ocr_page ocr_carea ocr_par ocr_line ocrx_word'/>
</head>
<body>
  <div class='ocr_page' id='page_1' title='image "./faunagroenlandic00fabr_0289.png"; bbox 0 0 2019 3769; ppageno 0'>
   <div class='ocr_carea' id='block_1_1' title="bbox 537 206 1751 287">
    <p class='ocr_par' dir='ltr' id='par_1_1' title="bbox 537 206 1751 287">
     <span class='ocr_line' id='line_1_1' title="bbox 537 206 1751 287; baseline -0.002 -20"><span class='ocrx_word' id='word_1_1' title='bbox 537 227 847 267; x_wconf 60' lang='lat' dir='ltr'><strong>&amp;cantvs</strong></span> <span class='ocrx_word' id='word_1_2' title='bbox 909 224 1247 264; x_wconf 61' lang='lat' dir='ltr'><strong>Maaruvs.</strong></span> <span class='ocrx_word' id='word_1_3' title='bbox 1627 206 1751 287; x_wconf 75' lang='lat'><strong>267</strong></span> 
     </span>
    </p>
   </div>
   <div class='ocr_carea' id='block_1_2' title="bbox 4 357 1761 1792">
    <p class='ocr_par' dir='ltr' id='par_1_2' title="bbox 4 357 1761 1792">
     <span class='ocr_line' id='line_1_2' title="bbox 49 357 1751 439; baseline -0.005 -17"><span class='ocrx_word' id='word_1_4' title='bbox 49 362 217 422; x_wconf 85' lang='lat' dir='ltr'><strong>cauda</strong></span> <span class='ocrx_word' id='word_1_5' title='bbox 241 361 448 431; x_wconf 80' lang='lat' dir='ltr'><strong>haben,</strong></span> <span class='ocrx_word' id='word_1_6' title='bbox 490 364 618 419; x_wconf 87' lang='lat' dir='ltr'><strong>dum</strong></span> <span class='ocrx_word' id='word_1_7' title='bbox 648 361 892 439; x_wconf 72' lang='lat' dir='ltr'><strong>opposita</strong></span> <span class='ocrx_word' id='word_1_8' title='bbox 918 361 1082 419; x_wconf 87' lang='lat' dir='ltr'><strong>escam</strong></span> <span class='ocrx_word' id='word_1_9' title='bbox 1113 360 1422 439; x_wconf 85' lang='lat' dir='ltr'><strong>perfodiens</strong></span> <span class='ocrx_word' id='word_1_10' title='bbox 1445 357 1751 435; x_wconf 57' lang='lat' dir='ltr'><strong>semperins</strong></span> 
     </span>
     <span class='ocr_line' id='line_1_3' title="bbox 49 443 1751 524; baseline -0.004 -18"><span class='ocrx_word' id='word_1_11' title='bbox 49 448 218 506; x_wconf 87' lang='lat' dir='ltr'><strong>terior</strong></span> <span class='ocrx_word' id='word_1_12' title='bbox 243 465 298 504; x_wconf 89' lang='lat' dir='ltr'><strong>et</strong></span> <span class='ocrx_word' id='word_1_13' title='bbox 321 448 625 510; x_wconf 78' lang='lat' dir='ltr'><strong>occultata,</strong></span> <span class='ocrx_word' id='word_1_14' title='bbox 672 449 807 505; x_wconf 85' lang='lat' dir='ltr'><strong>haec</strong></span> <span class='ocrx_word' id='word_1_15' title='bbox 835 466 1069 524; x_wconf 87' lang='lat' dir='ltr'><strong>corpore</strong></span> <span class='ocrx_word' id='word_1_16' title='bbox 1096 446 1308 522; x_wconf 86' lang='lat' dir='ltr'><strong>reliquo</strong></span> <span class='ocrx_word' id='word_1_17' title='bbox 1331 446 1425 502; x_wconf 84' lang='lat' dir='ltr'><strong>vix</strong></span> <span class='ocrx_word' id='word_1_18' title='bbox 1462 443 1751 519; x_wconf 81' lang='lat' dir='ltr'><strong>angustior,</strong></span> 
     </span>
     <span class='ocr_line' id='line_1_4' title="bbox 45 527 1754 607; baseline -0.004 -17"><span class='ocrx_word' id='word_1_19' title='bbox 45 547 350 606; x_wconf 83' lang='lat' dir='ltr'><strong>amputata,</strong></span> <span class='ocrx_word' id='word_1_20' title='bbox 396 532 489 588; x_wconf 81' lang='lat' dir='ltr'><strong>vbi</strong></span> <span class='ocrx_word' id='word_1_21' title='bbox 526 532 821 600; x_wconf 86' lang='lat' dir='ltr'><strong>orificium,</strong></span> <span class='ocrx_word' id='word_1_22' title='bbox 873 532 1028 607; x_wconf 90' lang='lat' dir='ltr'><strong>quod</strong></span> <span class='ocrx_word' id='word_1_23' title='bbox 1065 529 1191 589; x_wconf 89' lang='lat' dir='ltr'><strong>visui</strong></span> <span class='ocrx_word' id='word_1_24' title='bbox 1227 529 1278 586; x_wconf 88' lang='lat' dir='ltr'><strong>se</strong></span> <span class='ocrx_word' id='word_1_25' title='bbox 1315 527 1754 604; x_wconf 83' lang='lat' dir='ltr'><strong>fimplicissimum</strong></span> 
     </span>
     <span class='ocr_line' id='line_1_5' title="bbox 48 614 1753 692; baseline -0.003 -19"><span class='ocrx_word' id='word_1_26' title='bbox 48 614 228 674; x_wconf 80' lang='lat' dir='ltr'><strong>offert.</strong></span> <span class='ocrx_word' id='word_1_27' title='bbox 319 617 469 672; x_wconf 89' lang='lat' dir='ltr'><strong>Cutis</strong></span> <span class='ocrx_word' id='word_1_28' title='bbox 496 618 729 674; x_wconf 82' lang='lat' dir='ltr'><strong>exterior</strong></span> <span class='ocrx_word' id='word_1_29' title='bbox 744 617 1155 675; x_wconf 86' lang='lat' dir='ltr'><strong>membranacea</strong></span> <span class='ocrx_word' id='word_1_30' title='bbox 1180 615 1360 692; x_wconf 79' lang='lat' dir='ltr'><strong>laeuis,</strong></span> <span class='ocrx_word' id='word_1_31' title='bbox 1390 614 1562 669; x_wconf 88' lang='lat' dir='ltr'><strong>minus</strong></span> <span class='ocrx_word' id='word_1_32' title='bbox 1587 631 1753 668; x_wconf 85' lang='lat' dir='ltr'><strong>annu-</strong></span> 
     </span>
     <span class='ocr_line' id='line_1_6' title="bbox 52 696 1757 776; baseline -0.005 -18"><span class='ocrx_word' id='word_1_33' title='bbox 52 701 186 766; x_wconf 83' lang='lat' dir='ltr'>lata,</span> <span class='ocrx_word' id='word_1_34' title='bbox 249 699 396 776; x_wconf 77' lang='lat' dir='ltr'><strong>quali</strong></span> <span class='ocrx_word' id='word_1_35' title='bbox 447 701 661 758; x_wconf 86' lang='lat' dir='ltr'><strong>tubulus</strong></span> <span class='ocrx_word' id='word_1_36' title='bbox 699 704 906 773; x_wconf 81' lang='lat' dir='ltr'><strong>interne</strong></span> <span class='ocrx_word' id='word_1_37' title='bbox 965 702 1134 759; x_wconf 86' lang='lat' dir='ltr'><strong>seruat</strong></span> <span class='ocrx_word' id='word_1_38' title='bbox 1175 698 1474 756; x_wconf 87' lang='lat' dir='ltr'><strong>intestinum</strong></span> <span class='ocrx_word' id='word_1_39' title='bbox 1525 696 1757 766; x_wconf 81' lang='lat' dir='ltr'><strong>molliuS,</strong></span> 
     </span>
     <span class='ocr_line' id='line_1_7' title="bbox 44 779 1753 862; baseline -0.004 -21"><span class='ocrx_word' id='word_1_40' title='bbox 44 784 201 862; x_wconf 89' lang='lat' dir='ltr'><strong>quod</strong></span> <span class='ocrx_word' id='word_1_41' title='bbox 228 804 298 843; x_wconf 75' lang='lat' dir='ltr'><strong>ex</strong></span> <span class='ocrx_word' id='word_1_42' title='bbox 329 786 519 843; x_wconf 88' lang='lat' dir='ltr'><strong>tubulo</strong></span> <span class='ocrx_word' id='word_1_43' title='bbox 563 784 799 862; x_wconf 80' lang='lat' dir='ltr'>protrahi</span> <span class='ocrx_word' id='word_1_44' title='bbox 842 786 1052 862; x_wconf 81' lang='lat' dir='ltr'><strong>potest3</strong></span> <span class='ocrx_word' id='word_1_45' title='bbox 1094 784 1129 841; x_wconf 89' lang='lat' dir='ltr'>fi</span> <span class='ocrx_word' id='word_1_46' title='bbox 1156 786 1317 841; x_wconf 87' lang='lat' dir='ltr'><strong>etiam</strong></span> <span class='ocrx_word' id='word_1_47' title='bbox 1355 781 1572 840; x_wconf 88' lang='lat' dir='ltr'><strong>tubulus</strong></span> <span class='ocrx_word' id='word_1_48' title='bbox 1614 779 1753 837; x_wconf 84' lang='lat' dir='ltr'><strong>anti-</strong></span> 
     </span>
     <span class='ocr_line' id='line_1_8' title="bbox 47 865 1754 947; baseline -0.005 -20"><span class='ocrx_word' id='word_1_49' title='bbox 47 888 112 927; x_wconf 90' lang='lat' dir='ltr'><strong>ce</strong></span> <span class='ocrx_word' id='word_1_50' title='bbox 140 870 438 937; x_wconf 86' lang='lat' dir='ltr'><strong>mutilatur,</strong></span> <span class='ocrx_word' id='word_1_51' title='bbox 481 871 780 927; x_wconf 85' lang='lat' dir='ltr'><strong>intestinum</strong></span> <span class='ocrx_word' id='word_1_52' title='bbox 809 872 919 928; x_wconf 93' lang='lat' dir='ltr'><strong>hoc</strong></span> <span class='ocrx_word' id='word_1_53' title='bbox 948 872 1099 947; x_wconf 80' lang='lat' dir='ltr'>apice</span> <span class='ocrx_word' id='word_1_54' title='bbox 1123 870 1217 927; x_wconf 86' lang='lat' dir='ltr'><strong>suo</strong></span> <span class='ocrx_word' id='word_1_55' title='bbox 1248 869 1558 947; x_wconf 84' lang='lat' dir='ltr'>prominere</span> <span class='ocrx_word' id='word_1_56' title='bbox 1589 865 1754 922; x_wconf 87' lang='lat' dir='ltr'><strong>solet:</strong></span> 
     </span>
     <span class='ocr_line' id='line_1_9' title="bbox 45 951 1750 1023; baseline -0.004 -11"><span class='ocrx_word' id='word_1_57' title='bbox 45 954 170 1012; x_wconf 89' lang='lat' dir='ltr'><strong>hinc</strong></span> <span class='ocrx_word' id='word_1_58' title='bbox 200 955 271 1009; x_wconf 83' lang='lat' dir='ltr'><strong>ibi</strong></span> <span class='ocrx_word' id='word_1_59' title='bbox 303 975 410 1011; x_wconf 90' lang='lat' dir='ltr'><strong>non</strong></span> <span class='ocrx_word' id='word_1_60' title='bbox 437 956 670 1012; x_wconf 74' lang='lat' dir='ltr'><strong>connexi</strong></span> <span class='ocrx_word' id='word_1_61' title='bbox 694 957 970 1023; x_wconf 74' lang='lat' dir='ltr'><strong>videntur-3</strong></span> <span class='ocrx_word' id='word_1_62' title='bbox 1012 973 1067 1012; x_wconf 93' lang='lat' dir='ltr'><strong>et</strong></span> <span class='ocrx_word' id='word_1_63' title='bbox 1092 953 1356 1019; x_wconf 82' lang='lat' dir='ltr'><strong>sublumo‚</strong></span> <span class='ocrx_word' id='word_1_64' title='bbox 1381 951 1628 1008; x_wconf 87' lang='lat' dir='ltr'><strong>tubulum</strong></span> <span class='ocrx_word' id='word_1_65' title='bbox 1649 968 1750 1006; x_wconf 85' lang='lat' dir='ltr'><strong>ex-</strong></span> 
     </span>
     <span class='ocr_line' id='line_1_10' title="bbox 47 1033 1758 1129; baseline -0.005 -32"><span class='ocrx_word' id='word_1_66' title='bbox 47 1040 311 1097; x_wconf 80' lang='lat' dir='ltr'><strong>tremitate</strong></span> <span class='ocrx_word' id='word_1_67' title='bbox 337 1040 417 1095; x_wconf 85' lang='lat' dir='ltr'><strong>sua</strong></span> <span class='ocrx_word' id='word_1_68' title='bbox 460 1041 511 1096; x_wconf 90' lang='lat' dir='ltr'><strong>in</strong></span> <span class='ocrx_word' id='word_1_69' title='bbox 547 1041 943 1116; x_wconf 81' lang='lat' dir='ltr'>exemplaribus</span> <span class='ocrx_word' id='word_1_70' title='bbox 979 1041 1197 1115; x_wconf 81' lang='lat' dir='ltr'><strong>integris</strong></span> <span class='ocrx_word' id='word_1_71' title='bbox 1237 1038 1510 1113; x_wconf 88' lang='lat' dir='ltr'><strong>separatim</strong></span> <span class='ocrx_word' id='word_1_72' title='bbox 1544 1033 1758 1129; x_wconf 80' lang='lat' dir='ltr'><strong>promi-</strong></span> 
     </span>
     <span class='ocr_line' id='line_1_11' title="bbox 45 1118 1756 1200; baseline -0.003 -21"><span class='ocrx_word' id='word_1_73' title='bbox 45 1143 201 1190; x_wconf 88' lang='lat' dir='ltr'><strong>ner,e</strong></span> <span class='ocrx_word' id='word_1_74' title='bbox 245 1125 380 1179; x_wconf 86' lang='lat' dir='ltr'><strong>intra</strong></span> <span class='ocrx_word' id='word_1_75' title='bbox 406 1145 569 1200; x_wconf 84' lang='lat' dir='ltr'><strong>quem</strong></span> <span class='ocrx_word' id='word_1_76' title='bbox 595 1143 736 1199; x_wconf 83' lang='lat' dir='ltr'><strong>apex</strong></span> <span class='ocrx_word' id='word_1_77' title='bbox 760 1122 986 1180; x_wconf 90' lang='lat' dir='ltr'><strong>intestini</strong></span> <span class='ocrx_word' id='word_1_78' title='bbox 1022 1125 1246 1198; x_wconf 87' lang='lat' dir='ltr'><strong>propria</strong></span> <span class='ocrx_word' id='word_1_79' title='bbox 1282 1138 1527 1198; x_wconf 80' lang='lat' dir='ltr'><strong>apertura</strong></span> <span class='ocrx_word' id='word_1_80' title='bbox 1569 1118 1756 1176; x_wconf 84' lang='lat' dir='ltr'><strong>termi-</strong></span> 
     </span>
     <span class='ocr_line' id='line_1_12' title="bbox 44 1203 1759 1283; baseline -0.001 -21"><span class='ocrx_word' id='word_1_81' title='bbox 44 1207 149 1263; x_wconf 81' lang='lat' dir='ltr'><strong>nali</strong></span> <span class='ocrx_word' id='word_1_82' title='bbox 176 1208 448 1265; x_wconf 72' lang='lat' dir='ltr'><strong>instrue&#39;lus</strong></span> <span class='ocrx_word' id='word_1_83' title='bbox 485 1208 733 1283; x_wconf 85' lang='lat' dir='ltr'><strong>protrudi</strong></span> <span class='ocrx_word' id='word_1_84' title='bbox 768 1226 822 1264; x_wconf 89' lang='lat' dir='ltr'><strong>et</strong></span> <span class='ocrx_word' id='word_1_85' title='bbox 858 1207 1056 1265; x_wconf 81' lang='lat' dir='ltr'><strong>retrahi</strong></span> <span class='ocrx_word' id='word_1_86' title='bbox 1091 1205 1295 1283; x_wconf 88' lang='lat' dir='ltr'><strong>potest:</strong></span> <span class='ocrx_word' id='word_1_87' title='bbox 1335 1203 1626 1263; x_wconf 86' lang='lat' dir='ltr'><strong>difficilime</strong></span> <span class='ocrx_word' id='word_1_88' title='bbox 1665 1222 1759 1260; x_wconf 78' lang='lat' dir='ltr'><strong>au-</strong></span> 
     </span>
     <span class='ocr_line' id='line_1_13' title="bbox 45 1289 1759 1366; baseline -0.003 -17"><span class='ocrx_word' id='word_1_89' title='bbox 45 1310 157 1349; x_wconf 88' lang='lat' dir='ltr'><strong>tem</strong></span> <span class='ocrx_word' id='word_1_90' title='bbox 185 1293 235 1345; x_wconf 88' lang='lat' dir='ltr'><strong>in</strong></span> <span class='ocrx_word' id='word_1_91' title='bbox 261 1290 363 1348; x_wconf 91' lang='lat' dir='ltr'><strong>hac</strong></span> <span class='ocrx_word' id='word_1_92' title='bbox 388 1312 446 1347; x_wconf 90' lang='lat' dir='ltr'><strong>re</strong></span> <span class='ocrx_word' id='word_1_93' title='bbox 482 1309 686 1347; x_wconf 89' lang='lat' dir='ltr'><strong>certum</strong></span> <span class='ocrx_word' id='word_1_94' title='bbox 723 1291 857 1366; x_wconf 86' lang='lat' dir='ltr'><strong>quid</strong></span> <span class='ocrx_word' id='word_1_95' title='bbox 909 1292 1312 1352; x_wconf 80' lang='lat' dir='ltr'><strong>determinatur.</strong></span> <span class='ocrx_word' id='word_1_96' title='bbox 1401 1289 1574 1347; x_wconf 93' lang='lat' dir='ltr'><strong>Color</strong></span> <span class='ocrx_word' id='word_1_97' title='bbox 1609 1305 1759 1345; x_wconf 84' lang='lat' dir='ltr'><strong>totus</strong></span> 
     </span>
     <span class='ocr_line' id='line_1_14' title="bbox 4 1372 1760 1459; baseline -0.002 -27"><span class='ocrx_word' id='word_1_98' title='bbox 4 1444 24 1459; x_wconf 30' lang='grc' dir='ltr'>χ</span> <span class='ocrx_word' id='word_1_99' title='bbox 43 1375 283 1441; x_wconf 84' lang='lat' dir='ltr'><strong>albidus,</strong></span> <span class='ocrx_word' id='word_1_100' title='bbox 323 1375 536 1444; x_wconf 87' lang='lat' dir='ltr'><strong>nitidus,</strong></span> <span class='ocrx_word' id='word_1_101' title='bbox 579 1375 632 1430; x_wconf 87' lang='lat' dir='ltr'><strong>in</strong></span> <span class='ocrx_word' id='word_1_102' title='bbox 659 1374 948 1432; x_wconf 87' lang='lat' dir='ltr'><strong>maioribus</strong></span> <span class='ocrx_word' id='word_1_103' title='bbox 973 1392 1180 1430; x_wconf 89' lang='lat' dir='ltr'><strong>tantum</strong></span> <span class='ocrx_word' id='word_1_104' title='bbox 1211 1374 1482 1430; x_wconf 85' lang='lat' dir='ltr'><strong>interanea</strong></span> <span class='ocrx_word' id='word_1_105' title='bbox 1509 1372 1760 1449; x_wconf 83' lang='lat' dir='ltr'><strong>granula-</strong></span> 
     </span>
     <span class='ocr_line' id='line_1_15' title="bbox 44 1457 1758 1534; baseline -0.002 -18"><span class='ocrx_word' id='word_1_106' title='bbox 44 1476 93 1516; x_wconf 89' lang='lat' dir='ltr'><strong>ta</strong></span> <span class='ocrx_word' id='word_1_107' title='bbox 120 1460 385 1516; x_wconf 84' lang='lat' dir='ltr'><strong>lucidiora</strong></span> <span class='ocrx_word' id='word_1_108' title='bbox 412 1476 776 1534; x_wconf 86' lang='lat' dir='ltr'><strong>transparent,</strong></span> <span class='ocrx_word' id='word_1_109' title='bbox 816 1459 1156 1516; x_wconf 84' lang='lat' dir='ltr'><strong>extremitate</strong></span> <span class='ocrx_word' id='word_1_110' title='bbox 1183 1457 1390 1534; x_wconf 85' lang='lat' dir='ltr'><strong>postica</strong></span> <span class='ocrx_word' id='word_1_111' title='bbox 1425 1457 1758 1514; x_wconf 70' lang='lat' dir='ltr'><strong>obscuriore.</strong></span> 
     </span>
     <span class='ocr_line' id='line_1_16' title="bbox 44 1541 1761 1641; baseline -0.003 -39"><span class='ocrx_word' id='word_1_112' title='bbox 44 1546 311 1619; x_wconf 69' lang='lat' dir='ltr'><strong>Semper*</strong></span> <span class='ocrx_word' id='word_1_113' title='bbox 298 1566 351 1601; x_wconf 87' lang='lat' dir='ltr'><strong>m</strong></span> <span class='ocrx_word' id='word_1_114' title='bbox 382 1546 542 1621; x_wconf 87' lang='lat' dir='ltr'><strong>plano</strong></span> <span class='ocrx_word' id='word_1_115' title='bbox 570 1543 739 1641; x_wconf 79' lang='lat' dir='ltr'><strong>spirali</strong></span> <span class='ocrx_word' id='word_1_116' title='bbox 765 1544 1095 1602; x_wconf 87' lang='lat' dir='ltr'><strong>conuolutus</strong></span> <span class='ocrx_word' id='word_1_117' title='bbox 1121 1542 1219 1608; x_wconf 90' lang='lat' dir='ltr'><strong>est,</strong></span> <span class='ocrx_word' id='word_1_118' title='bbox 1264 1541 1631 1599; x_wconf 81' lang='lat' dir='ltr'><strong>membranula</strong></span> <span class='ocrx_word' id='word_1_119' title='bbox 1673 1557 1761 1596; x_wconf 92' lang='lat' dir='ltr'><strong>te-</strong></span> 
     </span>
     <span class='ocr_line' id='line_1_17' title="bbox 46 1625 1761 1706; baseline -0.002 -21"><span class='ocrx_word' id='word_1_120' title='bbox 46 1627 283 1686; x_wconf 83' lang='lat' dir='ltr'><strong>nuiffima</strong></span> <span class='ocrx_word' id='word_1_121' title='bbox 321 1631 599 1687; x_wconf 87' lang='lat' dir='ltr'><strong>communi</strong></span> <span class='ocrx_word' id='word_1_122' title='bbox 641 1628 897 1705; x_wconf 84' lang='lat' dir='ltr'><strong>superne,</strong></span> <span class='ocrx_word' id='word_1_123' title='bbox 939 1627 1084 1706; x_wconf 75' lang='lat' dir='ltr'><strong>quast</strong></span> <span class='ocrx_word' id='word_1_124' title='bbox 1122 1631 1293 1701; x_wconf 71' lang='lat' dir='ltr'><strong>teEiO,</strong></span> <span class='ocrx_word' id='word_1_125' title='bbox 1340 1625 1643 1695; x_wconf 68' lang='grc' dir='ltr'><strong>οὸἀιιᾶυε,</strong></span> <span class='ocrx_word' id='word_1_126' title='bbox 1687 1642 1761 1682; x_wconf 80' lang='lat' dir='ltr'><strong>ex</strong></span> 
     </span>
     <span class='ocr_line' id='line_1_18' title="bbox 45 1715 959 1792; baseline -0.002 -21"><span class='ocrx_word' id='word_1_127' title='bbox 45 1733 157 1792; x_wconf 77' lang='lat' dir='ltr'><strong>qua</strong></span> <span class='ocrx_word' id='word_1_128' title='bbox 182 1734 292 1770; x_wconf 91' lang='lat' dir='ltr'><strong>non</strong></span> <span class='ocrx_word' id='word_1_129' title='bbox 317 1734 435 1772; x_wconf 86' lang='lat' dir='ltr'><strong>raro</strong></span> <span class='ocrx_word' id='word_1_130' title='bbox 465 1715 634 1773; x_wconf 85' lang='lat' dir='ltr'><strong>cauda</strong></span> <span class='ocrx_word' id='word_1_131' title='bbox 664 1715 959 1791; x_wconf 86' lang='lat' dir='ltr'><strong>prominet.</strong></span> 
     </span>
    </p>
   </div>
   <div class='ocr_carea' id='block_1_3' title="bbox 168 1815 964 1874">
    <p class='ocr_par' dir='ltr' id='par_1_3' title="bbox 168 1815 964 1874">
     <span class='ocr_line' id='line_1_19' title="bbox 168 1815 964 1874; baseline -0.004 0"><span class='ocrx_word' id='word_1_132' title='bbox 168 1817 467 1874; x_wconf 79' lang='lat' dir='ltr'><strong>Varietates</strong></span> <span class='ocrx_word' id='word_1_133' title='bbox 494 1817 626 1874; x_wconf 87' lang='lat' dir='ltr'><strong>duas</strong></span> <span class='ocrx_word' id='word_1_134' title='bbox 651 1815 807 1874; x_wconf 89' lang='lat' dir='ltr'><strong>huius</strong></span> <span class='ocrx_word' id='word_1_135' title='bbox 826 1815 964 1873; x_wconf 89' lang='lat' dir='ltr'><strong>vidi.</strong></span> 
     </span>
    </p>
   </div>
   <div class='ocr_carea' id='block_1_4' title="bbox 211 1912 1764 2164">
    <p class='ocr_par' dir='ltr' id='par_1_4' title="bbox 211 1912 1764 2164">
     <span class='ocr_line' id='line_1_20' title="bbox 211 1912 1764 1994; baseline -0.003 -20"><span class='ocrx_word' id='word_1_136' title='bbox 211 1918 287 1994; x_wconf 73' lang='grc' dir='ltr'><strong>β)</strong></span> <span class='ocrx_word' id='word_1_137' title='bbox 337 1920 508 1975; x_wconf 86' lang='lat' dir='ltr'><strong>multo</strong></span> <span class='ocrx_word' id='word_1_138' title='bbox 537 1919 794 1975; x_wconf 85' lang='lat' dir='ltr'><strong>maiorem</strong></span> <span class='ocrx_word' id='word_1_139' title='bbox 820 1918 1187 1993; x_wconf 83' lang='lat' dir='ltr'><strong>magnitudine</strong></span> <span class='ocrx_word' id='word_1_140' title='bbox 1223 1915 1474 1973; x_wconf 88' lang='lat' dir='ltr'><strong>lumbrici</strong></span> <span class='ocrx_word' id='word_1_141' title='bbox 1506 1912 1764 1972; x_wconf 85' lang='lat' dir='ltr'><strong>terrestris</strong></span> 
     </span>
     <span class='ocr_line' id='line_1_21' title="bbox 296 2000 1762 2078; baseline -0.002 -18"><span class='ocrx_word' id='word_1_142' title='bbox 296 2005 545 2068; x_wconf 76' lang='lat' dir='ltr'><strong>minoris,</strong></span> <span class='ocrx_word' id='word_1_143' title='bbox 609 2005 936 2059; x_wconf 83' lang='lat' dir='ltr'><strong>viuaciorem</strong></span> <span class='ocrx_word' id='word_1_144' title='bbox 978 2020 1032 2058; x_wconf 90' lang='lat' dir='ltr'><strong>et</strong></span> <span class='ocrx_word' id='word_1_145' title='bbox 1054 2019 1234 2058; x_wconf 89' lang='lat' dir='ltr'><strong>totum</strong></span> <span class='ocrx_word' id='word_1_146' title='bbox 1282 2000 1537 2078; x_wconf 86' lang='lat' dir='ltr'><strong>griseum,</strong></span> <span class='ocrx_word' id='word_1_147' title='bbox 1609 2001 1762 2057; x_wconf 89' lang='lat' dir='ltr'><strong>cuius</strong></span> 
     </span>
     <span class='ocr_line' id='line_1_22' title="bbox 293 2082 1763 2164; baseline -0.001 -19"><span class='ocrx_word' id='word_1_148' title='bbox 293 2089 600 2145; x_wconf 78' lang='lat' dir='ltr'><strong>extremitas</strong></span> <span class='ocrx_word' id='word_1_149' title='bbox 630 2091 805 2144; x_wconf 79' lang='lat' dir='ltr'><strong>antica</strong></span> <span class='ocrx_word' id='word_1_150' title='bbox 834 2086 979 2163; x_wconf 88' lang='lat' dir='ltr'><strong>quafi</strong></span> <span class='ocrx_word' id='word_1_151' title='bbox 1016 2085 1152 2152; x_wconf 81' lang='lat' dir='ltr'><strong>fissa3</strong></span> <span class='ocrx_word' id='word_1_152' title='bbox 1200 2087 1253 2141; x_wconf 85' lang='lat' dir='ltr'><strong>in</strong></span> <span class='ocrx_word' id='word_1_153' title='bbox 1290 2086 1481 2143; x_wconf 86' lang='lat' dir='ltr'><strong>ceteris</strong></span> <span class='ocrx_word' id='word_1_154' title='bbox 1521 2082 1763 2164; x_wconf 77' lang='lat' dir='ltr'><strong>fimilem.</strong></span> 
     </span>
    </p>
   </div>
   <div class='ocr_carea' id='block_1_5' title="bbox 211 2183 1761 2350">
    <p class='ocr_par' dir='ltr' id='par_1_5' title="bbox 211 2183 1761 2350">
     <span class='ocr_line' id='line_1_23' title="bbox 211 2183 1761 2270; baseline -0.001 -25"><span class='ocrx_word' id='word_1_155' title='bbox 211 2190 281 2270; x_wconf 65' lang='grc' dir='ltr'><strong>γ)</strong></span> <span class='ocrx_word' id='word_1_156' title='bbox 328 2189 698 2266; x_wconf 82' lang='lat' dir='ltr'><strong>magnitudine</strong></span> <span class='ocrx_word' id='word_1_157' title='bbox 740 2205 795 2245; x_wconf 86' lang='lat' dir='ltr'><strong>et</strong></span> <span class='ocrx_word' id='word_1_158' title='bbox 819 2187 1008 2245; x_wconf 88' lang='lat' dir='ltr'><strong>statura</strong></span> <span class='ocrx_word' id='word_1_159' title='bbox 1038 2187 1245 2265; x_wconf 88' lang='lat' dir='ltr'><strong>vulgari</strong></span> <span class='ocrx_word' id='word_1_160' title='bbox 1271 2183 1527 2265; x_wconf 86' lang='lat' dir='ltr'><strong>griseam,</strong></span> <span class='ocrx_word' id='word_1_161' title='bbox 1569 2187 1761 2264; x_wconf 75' lang='lat' dir='ltr'><strong>cingu-</strong></span> 
     </span>
     <span class='ocr_line' id='line_1_24' title="bbox 300 2271 1572 2350; baseline -0.002 -20"><span class='ocrx_word' id='word_1_162' title='bbox 300 2276 355 2332; x_wconf 91' lang='lat' dir='ltr'><strong>lo</strong></span> <span class='ocrx_word' id='word_1_163' title='bbox 385 2276 507 2331; x_wconf 85' lang='lat' dir='ltr'><strong>albo</strong></span> <span class='ocrx_word' id='word_1_164' title='bbox 536 2280 677 2350; x_wconf 78' lang='lat' dir='ltr'><strong>(non</strong></span> <span class='ocrx_word' id='word_1_165' title='bbox 704 2290 881 2330; x_wconf 88' lang='lat' dir='ltr'><strong>tamen</strong></span> <span class='ocrx_word' id='word_1_166' title='bbox 910 2274 1145 2344; x_wconf 89' lang='lat' dir='ltr'><strong>eleuato)</strong></span> <span class='ocrx_word' id='word_1_167' title='bbox 1169 2271 1349 2330; x_wconf 86' lang='lat' dir='ltr'><strong>versus</strong></span> <span class='ocrx_word' id='word_1_168' title='bbox 1382 2272 1572 2329; x_wconf 87' lang='lat' dir='ltr'><strong>antica.</strong></span> 
     </span>
    </p>
   </div>
   <div class='ocr_carea' id='block_1_6' title="bbox 36 2372 1767 2966">
    <p class='ocr_par' dir='ltr' id='par_1_6' title="bbox 43 2372 1761 2538">
     <span class='ocr_line' id='line_1_25' title="bbox 177 2372 1761 2453; baseline -0.001 -20"><span class='ocrx_word' id='word_1_169' title='bbox 177 2399 483 2434; x_wconf 77' lang='grc' dir='ltr'><strong>ΗΑΒιτΑτ</strong></span> <span class='ocrx_word' id='word_1_170' title='bbox 529 2377 580 2432; x_wconf 86' lang='lat' dir='ltr'><strong>in</strong></span> <span class='ocrx_word' id='word_1_171' title='bbox 631 2375 856 2451; x_wconf 84' lang='lat' dir='ltr'><strong>hepate,</strong></span> <span class='ocrx_word' id='word_1_172' title='bbox 903 2394 1007 2433; x_wconf 86' lang='lat' dir='ltr'><strong>nec</strong></span> <span class='ocrx_word' id='word_1_173' title='bbox 1046 2394 1157 2430; x_wconf 89' lang='lat' dir='ltr'><strong>non</strong></span> <span class='ocrx_word' id='word_1_174' title='bbox 1194 2373 1353 2453; x_wconf 75' lang='lat' dir='ltr'><strong>super</strong></span> <span class='ocrx_word' id='word_1_175' title='bbox 1388 2372 1660 2442; x_wconf 83' lang='lat' dir='ltr'><strong>intestina,</strong></span> <span class='ocrx_word' id='word_1_176' title='bbox 1704 2390 1761 2431; x_wconf 86' lang='lat' dir='ltr'><strong>et</strong></span> 
     </span>
     <span class='ocr_line' id='line_1_26' title="bbox 43 2457 725 2538; baseline 0 -19"><span class='ocrx_word' id='word_1_177' title='bbox 43 2463 97 2520; x_wconf 88' lang='lat' dir='ltr'><strong>in</strong></span> <span class='ocrx_word' id='word_1_178' title='bbox 124 2481 280 2518; x_wconf 77' lang='lat' dir='ltr'><strong>carne</strong></span> <span class='ocrx_word' id='word_1_179' title='bbox 310 2457 418 2538; x_wconf 78' lang='lat' dir='ltr'><strong>ipsa</strong></span> <span class='ocrx_word' id='word_1_180' title='bbox 438 2508 450 2531; x_wconf 88' lang='lat'>,</span> <span class='ocrx_word' id='word_1_181' title='bbox 487 2462 725 2536; x_wconf 80' lang='lat' dir='ltr'><strong>piscium.</strong></span> 
     </span>
    </p>

    <p class='ocr_par' dir='ltr' id='par_1_7' title="bbox 36 2539 1767 2966">
     <span class='ocr_line' id='line_1_27' title="bbox 174 2539 1766 2624; baseline -0.002 -21"><span class='ocrx_word' id='word_1_182' title='bbox 174 2547 426 2624; x_wconf 87' lang='lat' dir='ltr'><strong>Vulgaris</strong></span> <span class='ocrx_word' id='word_1_183' title='bbox 473 2550 540 2618; x_wconf 65' lang='lat' dir='ltr'><strong>oc)</strong></span> <span class='ocrx_word' id='word_1_184' title='bbox 565 2543 695 2600; x_wconf 87' lang='lat' dir='ltr'><strong>mihi</strong></span> <span class='ocrx_word' id='word_1_185' title='bbox 726 2543 953 2602; x_wconf 90' lang='lat' dir='ltr'><strong>obuenit</strong></span> <span class='ocrx_word' id='word_1_186' title='bbox 989 2545 1042 2601; x_wconf 89' lang='lat' dir='ltr'><strong>in</strong></span> <span class='ocrx_word' id='word_1_187' title='bbox 1067 2544 1265 2621; x_wconf 87' lang='lat' dir='ltr'><strong>hepate</strong></span> <span class='ocrx_word' id='word_1_188' title='bbox 1284 2539 1416 2621; x_wconf 79' lang='lat' dir='ltr'><strong>gadi</strong></span> <span class='ocrx_word' id='word_1_189' title='bbox 1448 2539 1684 2598; x_wconf 78' lang='lat' dir='ltr'><strong>callariae</strong></span> <span class='ocrx_word' id='word_1_190' title='bbox 1708 2558 1766 2600; x_wconf 91' lang='lat' dir='ltr'><strong>et</strong></span> 
     </span>
     <span class='ocr_line' id='line_1_28' title="bbox 36 2626 1763 2704; baseline -0.002 -17"><span class='ocrx_word' id='word_1_191' title='bbox 36 2628 281 2696; x_wconf 63' lang='lat' dir='ltr'><strong>‘barbam</strong></span> <span class='ocrx_word' id='word_1_192' title='bbox 326 2633 464 2688; x_wconf 90' lang='lat' dir='ltr'><strong>inter</strong></span> <span class='ocrx_word' id='word_1_193' title='bbox 489 2629 785 2688; x_wconf 88' lang='lat' dir='ltr'><strong>intestinula</strong></span> <span class='ocrx_word' id='word_1_194' title='bbox 809 2649 1003 2695; x_wconf 84' lang='lat' dir='ltr'><strong>coeca,</strong></span> <span class='ocrx_word' id='word_1_195' title='bbox 1048 2649 1188 2704; x_wconf 90' lang='lat' dir='ltr'><strong>quae</strong></span> <span class='ocrx_word' id='word_1_196' title='bbox 1217 2626 1546 2703; x_wconf 89' lang='lat' dir='ltr'><strong>appendices</strong></span> <span class='ocrx_word' id='word_1_197' title='bbox 1582 2626 1763 2704; x_wconf 87' lang='lat' dir='ltr'><strong>pylori</strong></span> 
     </span>
     <span class='ocr_line' id='line_1_29' title="bbox 49 2710 1767 2795; baseline -0.002 -23"><span class='ocrx_word' id='word_1_198' title='bbox 49 2717 102 2772; x_wconf 87' lang='lat' dir='ltr'><strong>in</strong></span> <span class='ocrx_word' id='word_1_199' title='bbox 119 2715 258 2795; x_wconf 78' lang='lat' dir='ltr'><strong>gudo</strong></span> <span class='ocrx_word' id='word_1_200' title='bbox 284 2713 537 2781; x_wconf 57' lang='lat' dir='ltr'><strong>barbanu</strong></span> <span class='ocrx_word' id='word_1_201' title='bbox 579 2717 631 2770; x_wconf 88' lang='lat' dir='ltr'><strong>in</strong></span> <span class='ocrx_word' id='word_1_202' title='bbox 656 2712 888 2771; x_wconf 89' lang='lat' dir='ltr'><strong>humore</strong></span> <span class='ocrx_word' id='word_1_203' title='bbox 911 2712 1201 2790; x_wconf 88' lang='lat' dir='ltr'><strong>sanguineo</strong></span> <span class='ocrx_word' id='word_1_204' title='bbox 1230 2713 1388 2786; x_wconf 88' lang='lat' dir='ltr'><strong>super</strong></span> <span class='ocrx_word' id='word_1_205' title='bbox 1412 2710 1767 2789; x_wconf 76' lang='lat' dir='ltr'><strong>intestInaJal-</strong></span> 
     </span>
     <span class='ocr_line' id='line_1_30' title="bbox 49 2795 1766 2866; baseline -0.002 -10"><span class='ocrx_word' id='word_1_206' title='bbox 49 2806 212 2856; x_wconf 69' lang='lat' dir='ltr'><strong>monis</strong></span> <span class='ocrx_word' id='word_1_207' title='bbox 235 2798 445 2866; x_wconf 56' lang='lat' dir='ltr'><strong>adiici,</strong></span> <span class='ocrx_word' id='word_1_208' title='bbox 490 2817 543 2856; x_wconf 90' lang='lat' dir='ltr'><strong>et</strong></span> <span class='ocrx_word' id='word_1_209' title='bbox 567 2801 618 2855; x_wconf 89' lang='lat' dir='ltr'><strong>in</strong></span> <span class='ocrx_word' id='word_1_210' title='bbox 652 2817 813 2856; x_wconf 85' lang='lat' dir='ltr'><strong>carne</strong></span> <span class='ocrx_word' id='word_1_211' title='bbox 840 2800 974 2860; x_wconf 85' lang='lat' dir='ltr'><strong>intra</strong></span> <span class='ocrx_word' id='word_1_212' title='bbox 999 2816 1182 2856; x_wconf 87' lang='lat' dir='ltr'><strong>cutem</strong></span> <span class='ocrx_word' id='word_1_213' title='bbox 1208 2795 1513 2855; x_wconf 84' lang='lat' dir='ltr'><strong>abdominis</strong></span> <span class='ocrx_word' id='word_1_214' title='bbox 1545 2796 1766 2856; x_wconf 82' lang='lat' dir='ltr'><strong>Pleuro-</strong></span> 
     </span>
     <span class='ocr_line' id='line_1_31' title="bbox 51 2881 871 2966; baseline -0.005 -23"><span class='ocrx_word' id='word_1_215' title='bbox 51 2882 212 2943; x_wconf 64' lang='lat' dir='ltr'><strong>neciis</strong></span> <span class='ocrx_word' id='word_1_216' title='bbox 230 2881 561 2966; x_wconf 63' lang='lat' dir='ltr'><strong>plateſjbidce,</strong></span> <span class='ocrx_word' id='word_1_217' title='bbox 596 2883 871 2960; x_wconf 76' lang='lat' dir='ltr'><strong>frequens,</strong></span> 
     </span>
    </p>
   </div>
   <div class='ocr_carea' id='block_1_7' title="bbox 55 2978 1773 3237">
    <p class='ocr_par' dir='ltr' id='par_1_8' title="bbox 55 2978 1773 3237">
     <span class='ocr_line' id='line_1_32' title="bbox 182 2978 1770 3065; baseline -0.002 -23"><span class='ocrx_word' id='word_1_218' title='bbox 182 2986 424 3043; x_wconf 74' lang='lat' dir='ltr'><strong>Varietas</strong></span> <span class='ocrx_word' id='word_1_219' title='bbox 449 2985 524 3060; x_wconf 79' lang='grc' dir='ltr'><strong>β)</strong></span> <span class='ocrx_word' id='word_1_220' title='bbox 552 3003 759 3042; x_wconf 89' lang='lat' dir='ltr'><strong>tantum</strong></span> <span class='ocrx_word' id='word_1_221' title='bbox 783 2985 851 3042; x_wconf 90' lang='lat' dir='ltr'><strong>ad</strong></span> <span class='ocrx_word' id='word_1_222' title='bbox 887 2983 1185 3042; x_wconf 87' lang='lat' dir='ltr'><strong>intestinula</strong></span> <span class='ocrx_word' id='word_1_223' title='bbox 1218 3002 1386 3042; x_wconf 83' lang='lat' dir='ltr'><strong>coeca</strong></span> <span class='ocrx_word' id='word_1_224' title='bbox 1415 2981 1549 3065; x_wconf 81' lang='lat' dir='ltr'><strong>gadi</strong></span> <span class='ocrx_word' id='word_1_225' title='bbox 1578 2978 1770 3040; x_wconf 85' lang='lat' dir='ltr'><strong>harba-</strong></span> 
     </span>
     <span class='ocr_line' id='line_1_33' title="bbox 55 3068 1773 3151; baseline -0.004 -22"><span class='ocrx_word' id='word_1_226' title='bbox 55 3075 99 3129; x_wconf 82' lang='lat' dir='ltr'><strong>ti</strong></span> <span class='ocrx_word' id='word_1_227' title='bbox 128 3068 218 3143; x_wconf 81' lang='lat'><strong>*);</strong></span> <span class='ocrx_word' id='word_1_228' title='bbox 260 3071 334 3148; x_wconf 74' lang='grc' dir='ltr'><strong>Ὑ)</strong></span> <span class='ocrx_word' id='word_1_229' title='bbox 359 3090 493 3128; x_wconf 84' lang='lat' dir='ltr'><strong>vero</strong></span> <span class='ocrx_word' id='word_1_230' title='bbox 531 3072 733 3127; x_wconf 87' lang='lat' dir='ltr'><strong>ibidem</strong></span> <span class='ocrx_word' id='word_1_231' title='bbox 772 3087 879 3127; x_wconf 88' lang='lat' dir='ltr'><strong>tam</strong></span> <span class='ocrx_word' id='word_1_232' title='bbox 919 3071 972 3126; x_wconf 89' lang='lat' dir='ltr'><strong>in</strong></span> <span class='ocrx_word' id='word_1_233' title='bbox 1007 3071 1128 3138; x_wconf 89' lang='lat' dir='ltr'><strong>illo,</strong></span> <span class='ocrx_word' id='word_1_234' title='bbox 1172 3086 1334 3147; x_wconf 83' lang='lat' dir='ltr'><strong>quam</strong></span> <span class='ocrx_word' id='word_1_235' title='bbox 1359 3069 1413 3125; x_wconf 90' lang='lat' dir='ltr'><strong>in</strong></span> <span class='ocrx_word' id='word_1_236' title='bbox 1440 3085 1601 3151; x_wconf 77' lang='lat' dir='ltr'><strong>perca</strong></span> <span class='ocrx_word' id='word_1_237' title='bbox 1635 3069 1773 3125; x_wconf 82' lang='lat' dir='ltr'><strong>Nor-</strong></span> 
     </span>
     <span class='ocr_line' id='line_1_34' title="bbox 56 3151 1770 3237; baseline -0.004 -23"><span class='ocrx_word' id='word_1_238' title='bbox 56 3176 111 3214; x_wconf 85' lang='lat' dir='ltr'><strong><em>v</em></strong></span> <span class='ocrx_word' id='word_1_239' title='bbox 93 3161 264 3237; x_wconf 61' lang='lat' dir='ltr'><strong>gin,</strong></span> <span class='ocrx_word' id='word_1_240' title='bbox 289 3157 577 3233; x_wconf 86' lang='lat' dir='ltr'><strong>huiusque</strong></span> <span class='ocrx_word' id='word_1_241' title='bbox 612 3157 828 3232; x_wconf 85' lang='lat' dir='ltr'><strong>hepate.</strong></span> <span class='ocrx_word' id='word_1_242' title='bbox 1656 3151 1770 3210; x_wconf 87' lang='lat' dir='ltr'><strong>Sub</strong></span> 
     </span>
    </p>
   </div>
   <div class='ocr_carea' id='block_1_8' title="bbox 121 3267 1770 3342">
    <p class='ocr_par' dir='ltr' id='par_1_9' title="bbox 121 3267 1770 3342">
     <span class='ocr_line' id='line_1_35' title="bbox 121 3267 1770 3342; baseline -0.002 -20"><span class='ocrx_word' id='word_1_243' title='bbox 121 3275 168 3342; x_wconf 74' lang='lat'><strong>¹⁵)</strong></span> <span class='ocrx_word' id='word_1_244' title='bbox 206 3274 400 3324; x_wconf 82' lang='lat' dir='ltr'><strong>Posthac</strong></span> <span class='ocrx_word' id='word_1_245' title='bbox 425 3274 546 3323; x_wconf 83' lang='lat' dir='ltr'><strong>haee</strong></span> <span class='ocrx_word' id='word_1_246' title='bbox 576 3272 782 3324; x_wconf 82' lang='lat' dir='ltr'><strong>varietas</strong></span> <span class='ocrx_word' id='word_1_247' title='bbox 831 3272 1086 3325; x_wconf 78' lang='lat' dir='ltr'><strong>numerosa</strong></span> <span class='ocrx_word' id='word_1_248' title='bbox 1127 3272 1254 3322; x_wconf 86' lang='lat' dir='ltr'><strong>mihi</strong></span> <span class='ocrx_word' id='word_1_249' title='bbox 1290 3273 1502 3322; x_wconf 83' lang='lat' dir='ltr'><strong>occurrit</strong></span> <span class='ocrx_word' id='word_1_250' title='bbox 1551 3271 1603 3320; x_wconf 85' lang='lat' dir='ltr'><strong>in</strong></span> <span class='ocrx_word' id='word_1_251' title='bbox 1641 3267 1770 3334; x_wconf 79' lang='lat' dir='ltr'><strong>gado</strong></span> 
     </span>
    </p>
   </div>
   <div class='ocr_carea' id='block_1_9' title="bbox 192 3341 1777 3467">
    <p class='ocr_par' dir='ltr' id='par_1_10' title="bbox 192 3341 1777 3467">
     <span class='ocr_line' id='line_1_36' title="bbox 192 3341 1771 3419; baseline -0.006 -21"><span class='ocrx_word' id='word_1_252' title='bbox 192 3344 430 3399; x_wconf 85' lang='lat' dir='ltr'><strong>islandico</strong></span> <span class='ocrx_word' id='word_1_253' title='bbox 454 3344 577 3399; x_wconf 83' lang='lat' dir='ltr'><strong>salso</strong></span> <span class='ocrx_word' id='word_1_254' title='bbox 609 3359 656 3398; x_wconf 87' lang='lat' dir='ltr'><strong>et</strong></span> <span class='ocrx_word' id='word_1_255' title='bbox 684 3346 891 3418; x_wconf 80' lang='lat' dir='ltr'><strong>&#39;planato</strong></span> <span class='ocrx_word' id='word_1_256' title='bbox 917 3346 1096 3418; x_wconf 80' lang='lat' dir='ltr'><strong>(vulgo</strong></span> <span class='ocrx_word' id='word_1_257' title='bbox 1121 3343 1372 3417; x_wconf 69' lang='lat' dir='ltr'><strong>Klipfisch),</strong></span> <span class='ocrx_word' id='word_1_258' title='bbox 1408 3358 1457 3397; x_wconf 84' lang='lat' dir='ltr'><strong>et</strong></span> <span class='ocrx_word' id='word_1_259' title='bbox 1492 3341 1690 3419; x_wconf 78' lang='lat' dir='ltr'><strong>quidem</strong></span> <span class='ocrx_word' id='word_1_260' title='bbox 1716 3342 1771 3390; x_wconf 87' lang='lat' dir='ltr'><strong>in</strong></span> 
     </span>
     <span class='ocr_line' id='line_1_37' title="bbox 1635 3430 1777 3467; baseline 0 -1"><span class='ocrx_word' id='word_1_261' title='bbox 1635 3430 1777 3467; x_wconf 79' lang='lat' dir='ltr'><strong>came</strong></span> 
     </span>
    </p>
   </div>
  </div>
 </body>
</html>
