2019 3769
177 236 300 295 4¹2
587 237 868 281 venians.
917 204 1135 275 vr-Jnvs
1178 237 1477 283 MINVTA.

175 371 364 448 primis'
386 371 454 428 ad
475 372 691 429 vuluam
716 373 828 431 satis
858 372 1195 448 conspicuae.
1229 370 1232 373 ’
1277 377 1422 430 Ante
1460 392 1606 430 nates
1632 368 1889 450 ligamen-³

176 457 294 513 tuni
339 476 602 514 corneum
639 458 841 516 fuscum
888 459 1246 514 lanceolarum
1282 457 1889 525 ‘conuexumwaluulas'

176 541 478 597 combinat:
524 561 644 600 ante
671 543 1093 619 quod'valuulae
1133 544 1290 599 valde
1332 543 1496 604 hiant.
1599 549 1725 600 Hoc
1763 539 1893 607 loco'j

176 626 308 690 testa
331 624 571 703 crassior,
631 646 685 684 et
714 644 772 682 vt
796 624 961 682 ostrea
998 627 1168 684 edulis
1205 627 1361 705 saepe
1395 627 1671 685 lamellata.
1758 631 1889 684 Car-⁶

177 710 312 766 dinis
343 712 530 768 dentes
560 711 789 786 singulae
815 711 1056 769 valuulae
1087 730 1193 769 tres
1222 714 1513 769 alternatim
1541 714 1593 768 in
1616 712 1891 769 foueolani

175 795 477 870 oppositam
503 796 832 864 incidenteS,
869 816 1109 873 quorum
1135 799 1343 854 medius
1370 817 1518 872 pone
1543 816 1687 854 nates
1710 798 1890 852 breuis

173 879 363 935 obtuse
389 880 692 955 angulatUS‚
736 881 976 938 laterales
1016 884 1213 938 remoti
1251 883 1390 938 elon
1381 902 1486 958 rati
1531 884 1629 939 vix
1667 883 1806 936 inter
1841 879 1893 936 se

171 962 497 1020 differentes.
589 967 791 1021 Vermis
819 967 991 1021 mollis
1031 968 1234 1024 caidini
1274 966 1529 1024 Γιὼίρᾶἶυε
1574 967 1772 1023 emittit
1818 966 1892 1020 la-

170 1047 368 1102 minam
399 1049 616 1125 longam
643 1050 915 1107 carnosam
939 1051 1292 1108 falcisormem
1332 1051 1363 1111 s.
1392 1051 1644 1129 geniculo
1675 1050 1893 1118 flexam,

167 1131 271 1188 basi
300 1136 611 1190 teretiorem
637 1136 813 1191 albam
831 1181 843 1202 ,
886 1156 1027 1192 ext-ra
1059 1157 1200 1213 genu
1227 1137 1427 1194 fuluam
1447 1133 1896 1211 compreffiorem

170 1217 446 1273 carin-ato·
464 1219 709 1276 serratam
733 1222 883 1297 apice
912 1241 1071 1278 acuto
1099 1221 1455 1287 desinentem,
1503 1240 1666 1297 quam
1692 1221 1896 1298 pedem

167 1299 372 1359 dicunt.
462 1306 674 1381 Corpus
703 1305 870 1382 ipsum
898 1307 928 1361 s
954 1325 1159 1382 partem
1189 1308 1419 1363 mediam
1446 1307 1752 1363 molliorem
1788 1305 1891 1361 cir-

167 1387 429 1443 cumdant
455 1389 585 1444 labia
623 1411 651 1448 2
684 1394 917 1463 min-ora,
960 1392 1158 1465 pallide
1200 1391 1368 1455 flaua,
1399 1389 1761 1455 ,transuerfim
1800 1407 1891 1445 ru-

166 1469 306 1545 gosa.
363 1507 374 1516 f
399 1475 553 1529 Haec
581 1494 714 1530 vero
755 1491 810 1530 et
851 1477 1029 1529 omnia
1066 1477 1316 1531 interiora
1360 1476 1642 1530 includunt
1677 1474 1811 1529 labia
1852 1493 1884 1530 2

166 1554 369 1611 maiora
396 1557 509 1612 alba
534 1598 547 1622 ‚
575 1560 812 1634 margine
835 1557 989 1615 fuluo
1018 1559 1351 1634 superficiem
1393 1558 1557 1614 testae
1593 1557 1892 1624 vestientia,

166 1638 235 1694 'ad
259 1636 466 1694 hiatum
498 1640 656 1697 testae
683 1641 716 1699 s.
745 1643 872 1698 loco
899 1640 1259 1715 nympharum
1288 1659 1547 1707 connata,
1605 1643 1693 1696 vbi
1732 1660 1888 1716 aper-

162 1738 312 1778 turae
346 1747 369 1781 2
410 1726 592 1780 ouales
623 1725 1127 1801 rugoso-cirratae,
1167 1745 1394 1800 quarum
1423 1727 1592 1781 antica
1615 1727 1667 1780 in
1693 1729 1895 1784 canita-

164 1808 275 1862 tem
299 1808 468 1864 testae
495 1809 672 1876 ducit,
715 1810 917 1885 postica
943 1830 1074 1865 vero
1107 1810 1303 1886 illaque
1332 1812 1509 1866 minor
1532 1829 1631 1885 per
1653 1811 1892 1867 canalem

164 1911 285 1948 cum
317 1910 465 1967 parte
492 1893 794 1968 posteriore
834 1895 1081 1970 corporis
1118 1896 1425 1951 combinata
1463 1895 1647 1970 ibique
1687 1898 1893 1951 exitum

163 1977 319 2031 alium
361 1977 696 2052 perforatum
738 1979 919 2036 habet.
1012 1986 1155 2035 Ante
1199 1977 1310 2036 hoc
1351 1978 1596 2036 foramen
1641 1980 1893 2054 corporis

163 2060 304 2116 aliud
330 2063 563 2117 daturin
608 2065 963 2120 ventriculum
1004 2063 1266 2119 dorsalem
1307 2063 1510 2129 ferens;
1567 2063 1692 2120 illuc
1728 2065 1891 2119 etiam

165 2146 522 2203 ducitczmalis
550 2148 680 2204 alius
706 2147 969 2205 foramine
994 2150 1225 2223 geniculi
1251 2149 1405 2224 pedis
1434 2152 1695 2223 inceptus,
1741 2151 1892 2203 Ven-

161 2231 383 2286 triculus
449 2253 476 2289 2
523 2235 746 2289 cameris
797 2234 1062 2289 connexis
1118 2252 1463 2291 excrementa
1516 2231 1893 2290 cinerascentia

160 2317 540 2391 transparentia
558 2319 817 2378 continet.
906 2321 1122 2377 Neruus
1150 2318 1358 2375 validus
1388 2319 1561 2375 antice
1577 2316 1894 2394 posticeque

159 2399 500 2456 transuerfim
551 2403 789 2460 valuulas
842 2404 1146 2471 combinat,
1212 2422 1328 2480 quo
1371 2404 1478 2460 illas
1516 2402 1713 2459 vermis
1754 2405 1894 2461 arffle

159 2485 408 2541 claudere
446 2485 645 2560 potest
739 2487 830 2546 Ad
875 2487 1016 2544 basin
1052 2488 1208 2565 pedis
1246 2485 1428 2546 adhuc
1480 2486 1678 2565 papilla
1724 2486 1893 2546 lacera

161 2570 505 2645 conlpicitur.

293 2694 605 2731 ΗΑειτΑτ
649 2674 704 2729 in
751 2670 926 2731 fundo
984 2673 1194 2732 sinuum
1247 2671 1528 2752 argillofO,
1603 2672 1751 2732 haud
1805 2673 1893 2731 in-

161 2751 439 2831 frequens,

286 2860 378 2916 De
402 2857 490 2934 vsu
518 2860 630 2918 eius
653 2860 836 2949 minus
861 2859 1085 2920 constat.

418 2949 1015 3090 413'VE‘NVS
1080 2997 1577 3075 MINVTA.
1604 2997 1642 3039 *

308 3129 530 3194 Venus
585 3132 735 3196 testa
785 3130 1116 3212 subouata,
1211 3127 1596 3198 transuerfim
1655 3126 1889 3216 striata,

160 3225 576 3315 subpellucida
594 3276 613 3312 ,
664 3229 956 3318 nymphis
986 3228 1210 3296 claufis.

295 3363 332 3404 (5
347 3362 379 3400 n
399 3360 434 3400 ο
449 3363 477 3400 ε
491 3360 531 3399 N
548 3360 602 3402 L.
643 3340 1018 3425 Ipikfhunarak„

1661 3442 1894 3484 nasen-
