2019 3769
189 250 266 315 34
719 240 1349 288 mantuanum·

181 388 360 447 minae
382 385 495 444 eius
528 404 776 454 corneae,
800 404 902 463 per
925 401 1057 460 quas
1081 398 1273 456 aquam
1300 381 1546 439 emittens
1569 380 1710 437 intus
1736 374 1882 456 quali

184 470 310 551 post
331 470 590 548 praesepe
613 471 852 548 rapinam
882 467 1023 525 suam
1049 465 1260 524 retinet.
1347 467 1518 522 Etiam
1553 462 1606 517 in
1638 464 1747 520 hoc
1785 463 1883 520 ad-

181 557 425 615 miranda
463 556 536 614 est
569 558 780 622 natura,
822 552 978 629 quod
1014 550 1189 609 cancri
1223 549 1295 605 illi
1329 547 1535 607 laminis
1581 548 1695 603 eius
1733 547 1884 604 dele·

183 644 401 718 §lanteg
429 642 770 698 circumcirca
793 639 918 694 illuc
932 650 1198 713 petentes,
1212 633 1400 710 sponte
1415 631 1560 709 quali
1585 630 1886 708 ingredian-

183 741 289 784 tur.
374 725 619 783 Medufas
645 726 803 781 etiam
827 721 1019 783 edere,
1051 734 1111 775 vt
1150 719 1265 775 vult
1310 716 1613 794 perillustris
1656 734 1684 771 a
1711 716 1886 772 Linne.<

183 829 309 870 cum
336 810 460 875 aliis,
485 826 760 883 nunquam
801 824 830 861 a
879 802 1234 859 Groenlandis
1268 800 1644 859 confirmatum
1670 800 1886 872 audiui-3

183 915 289 953 nec
335 891 637 950 verosimile
696 888 941 954 videtur,
1002 887 1132 943 dum
1167 886 1269 942 hae
1318 904 1499 960 neque
1539 902 1648 956 tam
1691 885 1887 961 copio-

181 977 283 1044 sae,
309 995 488 1052 neque
514 976 658 1050 taleS‚
682 990 739 1032 vt
764 970 1224 1050 pinguefacerent‚
1259 965 1579 1046 gelatinosae
1607 969 1750 1026 enim
1776 988 1891 1026 ma·-

183 1062 365 1128 zenae,
389 1059 505 1116 lint.
1552 1062 1555 1064 ’

325 1182 564 1237 Immone
578 1177 690 1236 hoc
704 1175 911 1242 animal,
924 1173 1038 1231 satis
1052 1172 1409 1242 formidabile,
1423 1168 1459 1226 fi
1472 1170 1720 1229 dentibus
1734 1189 1890 1249 prae-

184 1263 377 1328 ditum,
406 1265 510 1318 iam
549 1280 728 1319 autem
766 1259 1031 1325 timidum,
1071 1258 1241 1314 robur
1280 1256 1431 1316 suum
1467 1256 1524 1313 in
1569 1257 1741 1315 cauda
1784 1254 1891 1315 sold

184 1348 300 1407 fere
330 1348 551 1415 habenS,
579 1344 760 1402 hostes
786 1343 1019 1399 minores
1041 1339 1196 1418 fugit.

356 1486 513 1525 vsvs
570 1463 681 1520 eius
719 1463 978 1519 maximus
1017 1460 1068 1515 in
1115 1459 1441 1517 oeconomia
1483 1460 1893 1537 groenlandica:

188 1553 378 1610 vnicus
406 1551 549 1608 eni—m
582 1547 800 1604 familias
834 1547 1012 1623 plures
1055 1561 1244 1602 contra
1282 1543 1410 1621 gelu
1443 1542 1753 1620 famemque
1798 1543 1893 1600 diu

188 1637 396 1696 seruare
421 1632 628 1690 sufficit.
713 1633 855 1688 Caro
898 1630 1076 1687 editur
1111 1632 1276 1695 consta,
1315 1626 1534 1703 ficcata,
1570 1627 1895 1704 subputrida,

191 1742 304 1781 non
331 1718 442 1778 satis
467 1719 610 1776 bona
634 1716 725 1774 nifi
747 1735 923 1792 nuper
951 1712 1129 1772 occifi.
1213 1711 1366 1770 Cutis
1388 1756 1403 1780 ,
1431 1712 1626 1777 cauda,
1671 1713 1892 1788 pinnae-

193 1826 306 1884 que
335 1803 534 1862 crudae
570 1804 761 1878 (rarius
791 1800 999 1872 cotiae)
1040 1796 1439 1856 consumuntur.
1527 1796 1758 1854 Lat-dum
1783 1814 1895 1854 tam

193 1891 391 1956 editur,
417 1908 577 1964 quam
605 1885 956 1944 comburitur.
1043 1880 1286 1939 Intestina
1309 1898 1369 1938 vt
1408 1881 1709 1957 phocarum
1744 1881 1897 1938 adhi-

192 1977 406 2033 bentur.
492 1973 583 2028 De
608 1969 915 2026 tendinibus
939 1965 1203 2022 habentur
1237 1963 1321 2022 fila
1358 1964 1584 2032 maiora,
1622 1985 1804 2041 exque
1834 1966 1896 2021 iis

197 2057 558 2118 conficiuntur
582 2054 712 2110 retia
732 2051 889 2110 varia.
965 2050 1086 2106 Oss'a
1111 2049 1254 2105 varie
1286 2050 1338 2103 in
1363 2049 1706 2109 instrumenta
1731 2067 1896 2106 vena-

198 2145 354 2209 toria,
380 2137 670 2197 domestica
694 2137 1004 2210 naualiaque
1027 2131 1305 2195 vfitantur3
1334 2132 1515 2209 deque
1539 2134 1740 2190 laminis
1769 2153 1895 2192 cor-

193 2228 314 2305 ‘neis
339 2226 445 2283 oris
473 2221 830 2281 conficiuntur
854 2221 1023 2276 lineae
1052 2215 1364 2296 piscatoriae
1388 2218 1646 2293 optimae.

191 2401 195 2406 ,
373 2345 580 2401 Merces
611 2339 812 2398 venales
852 2338 967 2395 sunt
1017 2337 1224 2393 lardum
1262 2352 1318 2392 et
1365 2334 1589 2393 laminae
1628 2338 1736 2395 oris
1775 2356 1899 2416 pre·-

201 2427 519 2495 tiofiffimae,
540 2426 710 2503 vulgo
740 2423 950 2482 Barder
965 2465 980 2492 ‚
1006 2423 1178 2479 minus
1203 2423 1345 2477 retiie
1369 2416 1645 2487 Fiskebeem
1671 2423 1860 2483 didiae.

370 2547 456 2606 Est
491 2546 647 2605 etiam
693 2546 900 2602 lucrum
941 2537 1234 2618 optimum*
1255 2551 1633 2596 extraneorum
1671 2541 1902 2615 piscato.

202 2651 342 2704 rum,
361 2633 519 2690 huius
542 2630 708 2690 causta
730 2647 994 2687 oceanum
1018 2624 1291 2684 borealem
1318 2622 1786 2700 frequentantium.

384 2775 416 2809 c
432 2775 459 2809 A
475 2772 501 2808 ε
514 2775 536 2808 1
550 2774 589 2807 T
605 2772 639 2807 v
654 2772 687 2807 R
726 2734 1106 2825 harpaginibus
1129 2744 1432 2819 lanceisque
1446 2759 1473 2797 a
1502 2742 1741 2819 pluribus
1766 2764 1900 2804 con-

192 2838 446 2917 “iunEtimz
475 2835 568 2915 qui
593 2835 739 2894 illum
771 2834 825 2891 in
854 2833 1058 2907 cymbis
1090 2829 1376 2889 maioribus
1401 2825 1659 2891 infestant.

1637 3411 1739 3467 ar.
1779 3396 1900 3460 BA-
