2019 3769
249 215 370 288 386
578 229 866 270 venturis.
947 223 1259 266 PATELLA
1300 225 1623 265 nvssELLA.

245 366 447 427 scidem
470 362 503 424 s.
531 364 781 423 tubulum
805 361 1166 439 compressum
1192 361 1420 436 longum
1446 361 1683 420 albidum
1707 361 1960 420 dextrum

248 468 400 512 extra
443 468 641 527 corpus
681 449 1112 528 prominentem:
1166 442 1378 502 forfitan
1414 449 1719 505 membrum
1755 447 1839 503 ani
1873 447 1960 504 vel

246 536 517 614 genitale?
571 537 785 612 Corpus
823 531 980 588 ouale
1017 530 1191 587 antice
1227 527 1523 606 angustius,
1562 530 1744 590 subtus
1774 531 1960 608 plana.

244 640 366 680 tum
402 620 639 697 margine
665 632 902 676 crenatO.
991 617 1099 671 lam
1125 614 1258 672 dieta
1285 614 1465 670 omnia
1499 615 1634 674 alba.
1721 614 1963 674 Dorsum

245 704 535 784 gibbosum
570 701 784 758 mollius
826 698 1063 756 intestina
1110 696 1204 756 sub
1258 714 1385 755 cute
1421 697 1723 758 tenuiffimo
1772 700 1964 758 seruat.

244 788 623 851 Vent1·iCUIUS‚
666 784 842 842 fluore
876 783 1154 860 granulato
1193 783 1350 858 nigro
1388 782 1673 860 impletus,
1713 784 1964 843 intestino

247 873 470 952 angusto
503 868 676 947 griseo
695 904 714 915 -
732 870 986 926 annulato
1014 887 1138 926 cum
1167 887 1264 924 ore
1292 868 1631 926 combinatus
1659 867 1756 933 est.

373 997 411 1031 H
428 997 455 1030 A
471 996 496 1029 B
512 996 533 1029 1
546 994 586 1028 T
601 994 630 1028 A
648 993 688 1028 T
732 971 801 1028 ad
825 970 1005 1028 littora
1033 969 1188 1028 maris
1220 966 1566 1045 vulgatiffima
1589 971 1726 1028 inter
1749 967 1926 1034 sucos.

371 1074 538 1132 Pallio
566 1072 660 1130 suo
686 1074 739 1128 in
765 1072 1067 1149 marginem
1093 1068 1254 1128 testae
1281 1069 1499 1127 dilatato
1535 1069 1591 1139 'se
1618 1072 1840 1148 corpori
1868 1091 1967 1148 pe·

244 1161 461 1238 tegrino
489 1176 596 1215 tam
623 1161 759 1215 arete
785 1155 980 1233 affigit,
1022 1174 1083 1214 vt
1105 1155 1214 1211 fine
1243 1155 1298 1210 vi
1324 1155 1505 1212 diuelli
1539 1173 1792 1233 nequeat.
1878 1158 1967 1213 In-

246 1246 450 1306 cedere
476 1260 656 1301 autem
693 1243 883 1300 volens
912 1241 1134 1317 pallium
1160 1237 1382 1297 retrahit
1410 1256 1465 1297 et
1487 1240 1691 1319 pedem
1721 1240 1968 1319 corporis

245 1331 484 1395 dimittit,
525 1345 584 1386 vt
608 1328 770 1384 limax
796 1326 1175 1404 progrediens,

372 1430 533 1490 Testa
559 1430 695 1487 haec
733 1449 845 1485 non
881 1447 1003 1484 raro
1031 1425 1198 1484 crusta
1237 1426 1469 1483 calcarea
1501 1424 1615 1485 fere
1644 1444 1758 1486 tota
1785 1427 1967 1486 obdu-

246 1512 324 1575 &a
354 1514 443 1582 est,
486 1534 625 1591 quae
651 1530 830 1570 tamen
855 1513 1139 1590 peregrina
1164 1509 1302 1568 infra
1323 1509 1417 1568 sub
1439 1512 1750 1595 madrepora
1768 1513 1966 1595 pat-afi-

243 1605 350 1660 tica
376 1598 732 1657 memoranda
757 1595 847 1657 est.

424 1729 585 1810 333.
647 1709 1199 1786 PATELLA
1246 1709 1791 1784 RVBELLA.
1838 1725 1868 1756 κ

386 1852 611 1917 Patella
639 1852 784 1918 testa
810 1848 1205 1938 integerrima
1243 1847 1578 1916 subconica
1606 1849 1968 1918 laeniuscula

246 1949 605 2020 rubicunda.

377 2088 412 2122 D
430 2087 492 2121 rs
511 2086 542 2120 c
559 2087 615 2125 R.
662 2062 872 2119 Minuta
886 2058 979 2129 est,
1012 2060 1413 2139 longitudinem
1435 2059 1500 2135 2}
1524 2060 1610 2117 lin.
1631 2103 1645 2128 ‚
1684 2061 1773 2124 lat.
1794 2084 1823 2121 2
1845 2062 1935 2121 lin.
1952 2104 1968 2130 ,

249 2152 340 2212 alt.
396 2149 457 2224 ι-ζ-
489 2150 611 2228 lin.,
653 2149 749 2205 vix
784 2145 1051 2223 superans,
1147 2144 1288 2222 Testa
1313 2145 1427 2202 fere
1462 2146 1679 2213 conica,
1719 2147 1842 2204 licet
1867 2149 1968 2203 mi·
2010 2175 2014 2184 ·

248 2254 409 2300 nuta,
453 2234 599 2290 rudis
639 2250 844 2297 tamen,
891 2232 1100 2288 interne
1136 2231 1343 2307 glabra,
1389 2247 1614 2286 externe
1638 2231 1972 2299 laeniuscula,

248 2320 388 2377 strias
424 2337 604 2376 tamen
642 2316 1060 2394 longitudinales
1104 2314 1371 2372 confertas
1410 2308 1751 2371 subtiliffimas
1792 2316 1971 2386 habet,

250 2423 483 2482 quarum
502 2422 603 2460 vna
630 2403 718 2459 vel
743 2403 905 2458 altera
929 2401 1159 2458 excellit.
1245 2404 1454 2457 Vei-tex
1478 2403 1821 2470 acuminatus,
1853 2400 1973 2457 sub»

251 2490 496 2548 centralis
532 2488 702 2544 antica
728 2485 974 2562 specianS.
1065 2490 1333 2561 Apertura
1363 2485 1970 2564 oblongo—orbicularis

250 2575 430 2632 antice
458 2574 552 2629 vix
576 2573 859 2648 angustior,
904 2571 1142 2647 margine
1170 2572 1542 2645 integerrimo,
1630 2570 1800 2627 Color
1825 2587 1971 2626 totus

250 2658 613 2724 rubicuiidu5‚
674 2657 956 2713 cacumine
987 2656 1240 2720 interiore
1279 2653 1610 2712 obscuriore.
1726 2655 1970 2721 Maiores

252 2743 517 2818 quaedam
545 2741 929 2798 subuirescunt.
1019 2737 1211 2821 Hospes
1235 2740 1569 2796 rubicundus
1606 2757 1714 2794 non
1741 2739 1972 2796 multum

255 2844 283 2882 a
306 2828 673 2902 praecedente
703 2823 902 2892 differt,
945 2823 1214 2900 fitumque
1242 2826 1354 2880 eius
1384 2825 1566 2885 habet.

381 2951 417 2984 Η
433 2954 462 2985 A
481 2953 503 2983 Β
522 2953 541 2986 1
560 2952 600 2985 τ
615 2954 643 2986 A
662 2950 701 2985 τ
746 2929 798 2983 in
827 2927 1274 3003 profundioribus
1311 2926 1441 2982 locis
1479 2925 1632 2981 maris
1671 2924 1807 2981 inter
1829 2925 1973 2982 radi-

250 3032 341 3072 ces
366 3013 609 3070 vluarum
636 3030 692 3070 et
714 3011 908 3070 fissuras
935 3010 1306 3079 testaceorum,
1348 3012 1521 3067 minus
1547 3009 1821 3085 frequen&

290 3180 452 3262 384·
508 3116 1922 3238 ΑΒ(ῑςηκπλιὶνΤΑ-Λιῑεγπιειιι.··Δ
1991 3125 1995 3135 ‘

393 3304 754 3392 Argonauta
779 3284 1129 3395 perforata,
1183 3302 1383 3369 carina
1412 3301 1667 3388 integra.

1657 3400 1975 3477 Argonauta
