2019 3769
210 249 329 311 180
959 245 1215 292 exsors.

343 414 652 453 HABITAT
692 393 747 448 in
780 385 909 445 mari
945 399 1179 450 tantum,
1221 378 1421 439 fluuios
1460 400 1574 440 non
1617 379 1923 445 ascendens,

212 482 417 540 Hieme
453 479 616 536 altum
658 493 801 532 mare
851 487 1068 534 tenen3‚
1137 485 1259 524 raro
1297 467 1363 523 ad
1401 485 1521 524 oras
1571 466 1926 544 conspicitur;

216 565 309 623 sed
347 563 569 627 aestate,
612 576 668 616 et
704 554 930 632 quidem
969 550 1235 609 mensibus
1282 552 1495 633 Aprili,
1539 554 1722 619 Maio,
1763 553 1924 612 Iunio

218 667 275 709 et
298 650 464 714 Iulio,
507 647 559 699 in
587 641 800 698 sinubus
837 657 1025 714 magna
1067 636 1225 712 copia
1268 635 1485 696 obuius,
1577 638 1711 693 Non
1747 653 1928 694 tamen

219 734 426 810 vbique
466 745 669 804 aequae
708 722 957 781 bonitatis
984 719 1073 778 vel
1095 719 1466 787 multitudinis,

349 853 415 888 cx
432 853 456 886 Β
473 850 506 886 v
525 849 549 884 s
587 827 699 884 eius
724 824 839 882 sunt
863 822 1034 880 cancri
1062 821 1331 879 macrouri
1354 821 1572 887 minimi,
1599 821 1759 878 etiam
1788 837 1933 878 tem-

221 935 364 996 pore
388 913 620 992 pruritus
648 928 754 967 oua
784 913 875 985 (vt
900 907 1161 980 videtur,)
1206 906 1454 982 propria3
1497 906 1593 961 illis
1620 908 1765 963 enim
1792 905 1936 976 fimi-

222 1004 288 1060 lia
315 1002 366 1056 in
391 995 692 1058 ventriculo
740 994 853 1051 eius
891 1008 1020 1049 tunc
1059 991 1324 1069 temporis
1362 1006 1675 1049 occurrunt.
1762 990 1934 1049 Etiam

224 1084 508 1146 conferuas
546 1081 783 1138 littoreas
808 1077 1072 1135 deuorare
1096 1076 1247 1137 solet.

354 1207 562 1245 rann*
607 1179 871 1239 mensibus
899 1179 1081 1245 Maio,
1124 1177 1278 1234 Iunio
1307 1192 1363 1234 et
1400 1176 1537 1234 lulio
1583 1194 1689 1234 oua
1725 1172 1812 1233 sua
1839 1193 1938 1234 nu-

227 1270 433 1332 merosa
457 1271 508 1326 in
533 1268 798 1325 littoribus
824 1262 1060 1330 finuum3
1097 1262 1293 1337 illaque
1327 1259 1491 1336 such,
1533 1261 1684 1329 vlui3‚
1720 1259 1808 1316 sed
1836 1261 1939 1317 im..

230 1357 416 1437 primis
457 1351 722 1412 conferuis
758 1348 980 1406 littoreis
1018 1344 1199 1422 affigit.
1326 1345 1448 1401 Tali
1484 1361 1737 1422 tempore
1771 1345 1938 1402 multa

235 1442 392 1498 millia
429 1437 687 1516 gregatim
726 1433 861 1490 finus
886 1430 1093 1507 ingredi
1119 1446 1172 1486 et
1193 1429 1366 1485 littora
1389 1427 1535 1505 sequi
1559 1429 1744 1486 solent.
1799 1433 1943 1485 Gre-

233 1546 332 1604 ges
354 1522 609 1581 foeminei
636 1517 913 1595 separatim
946 1514 1303 1591 praecedunt,
1329 1513 1446 1569 loca
1492 1530 1614 1588 apta
1654 1513 1940 1589 progeniei

236 1611 358 1668 suae
383 1608 742 1683 inquirentes;
794 1599 1058 1656 masculini
1087 1596 1270 1675 postea
1300 1617 1403 1653 oua
1441 1596 1855 1673 perscrutantes,
1879 1614 1943 1655 vt

231 1693 431 1752 semine
476 1690 568 1747 suo
603 1689 684 1744 illa
723 1683 1056 1743 fructificent.
1139 1681 1360 1739 Fundus
1401 1699 1429 1736 a
1454 1681 1700 1738 foeminis
1734 1681 1941 1739 reliflus

233 1779 354 1837 ouis
378 1776 580 1832 illarum
614 1774 683 1828 ita
718 1770 981 1827 obductus
1010 1765 1098 1833 est,
1144 1783 1204 1823 vt
1237 1764 1406 1821 flauus
1432 1782 1789 1843 transpareat;
1827 1786 1941 1824 ma-

230 1862 370 1919 rium
403 1877 580 1917 autem
609 1855 804 1912 semine
834 1851 1177 1928 superaddito
1205 1868 1344 1926 aqua
1382 1849 1537 1908 laClea
1564 1853 1744 1906 euadit
1766 1849 1941 1908 fundo

230 1966 344 2004 non
374 1941 686 2019 conspicuo.
775 1943 1024 2011 Vterque
1049 1933 1200 1990 sexus
1226 1936 1599 2010 operationem
1625 1934 1762 1992 suam
1790 1955 1943 1994 cura-

234 2051 294 2089 re
319 2028 449 2085 solet
476 2045 583 2083 tam
610 2024 705 2080 diu
730 2040 892 2099 quam
920 2022 1080 2076 noclu
1099 2060 1114 2085 ,
1158 2020 1317 2076 coelo
1343 2016 1527 2075 sereno
1553 2021 1638 2076 vel
1670 2019 1813 2084 tristi,
1851 2040 1942 2078 ae·

236 2135 298 2173 re
325 2110 614 2188 tranquillo
642 2108 727 2165 vel
753 2103 1089 2184 procelloso;
1132 2103 1422 2182 praecipue
1447 2120 1626 2161 tamen
1660 2107 1872 2161 noilem
1887 2123 1943 2163 et

235 2217 385 2257 mare
412 2194 750 2271 tranquillum
778 2191 996 2267 eligunt.

370 2302 660 2372 Tempore
689 2294 919 2370 pruritus
958 2289 1070 2347 satis
1113 2290 1351 2347 incautus
1376 2287 1479 2356 est,
1526 2306 1582 2346 et
1613 2288 1768 2348 facile
1802 2291 1944 2368 rapi-

238 2404 307 2442 na
330 2383 612 2440 hominum
639 2377 967 2455 pisciumque
994 2375 1202 2442 euadit3
1242 2374 1450 2450 reliquo
1477 2393 1655 2430 autem
1681 2376 1869 2451 minuS,
1893 2391 1949 2433 et

240 2468 452 2527 hostem
483 2463 892 2543 persequentem
918 2460 1066 2536 supra
1094 2477 1287 2535 aquam
1326 2459 1556 2515 saliendo
1583 2459 1810 2516 illudere
1846 2481 1946 2517 co·

246 2572 418 2612 natur,
504 2549 829 2623 Plerumque
880 2545 1169 2621 gregatim,
1234 2544 1392 2599 rarius
1431 2540 1684 2600 solitarius
1734 2545 1947 2621 ingredi

246 2636 583 2714 conspicitur,
626 2634 728 2690 iam
751 2630 998 2704 fundum,
1041 2629 1146 2685 iam
1170 2625 1503 2705 superficiem
1530 2627 1684 2684 maris
1698 2627 1947 2706 sequens,

1892 2715 1950 2773 Si

389 2859 657 2930 proprietas
681 2858 848 2909 noxia·
910 2851 1014 2922 Ipse
1043 2851 1184 2923 saepe
1217 2868 1325 2902 cum
1362 2845 1520 2900 lubitu
1558 2846 1699 2901 illum
1735 2852 1947 2917 comedi,
1987 2906 1993 2910 ,

389 2944 438 2981 et
463 2932 576 2981 dum
601 2934 653 2981 in
681 2925 1009 2979 Groenlandia
1038 2937 1359 2977 commoratus
1384 2922 1507 2986 sum,
1527 2940 1643 2973 oues
1677 2941 1805 2974 meas
1843 2923 1947 2976 alui

388 3003 585 3068 (itidem
612 3016 852 3052 mercator
882 2997 1103 3049 coloniae
1129 3014 1290 3065 capras
1307 2995 1426 3060 suas)
1452 2996 1529 3044 his
1551 2995 1788 3064 pisciculis
1811 2998 1959 3049 fleca-v

389 3077 451 3125 tis
477 3089 716 3142 prouentu
741 3073 879 3124 foeni
921 3073 1080 3120 minus
1116 3068 1408 3132 sufficiente,
1457 3085 1578 3136 quae
1615 3071 1757 3119 ctiam
1803 3069 1946 3120 auide

388 3144 492 3196 illis
521 3145 840 3202 vescebantur,
865 3142 1104 3204 salubres,
1152 3143 1353 3210 pingues
1392 3152 1440 3188 et
1473 3140 1661 3208 sapidae
1698 3158 1948 3211 permane·

386 3218 517 3269 bant.
599 3223 688 3267 Aut
728 3221 889 3284 itaque
925 3217 1261 3277 Noruegarum
1300 3214 1449 3261 Lodde
1485 3212 1697 3262 diuersus
1737 3213 1878 3283 piscis
1915 3228 1947 3262 a

386 3306 527 3350 meo,
560 3297 642 3336 aut
677 3288 956 3337 confusione
989 3286 1190 3357 quadam
1237 3281 1316 3332 illi
1361 3285 1640 3335 tribuuntur
1676 3289 1951 3356 proprieta-

382 3372 456 3414 tes
480 3362 654 3411 noxiae
677 3358 822 3435 pisci·
845 3357 998 3427 aliun,
1034 3371 1088 3410 vt
1125 3355 1351 3420 videtur,
1383 3355 1629 3425 Eperlani.
1684 3360 1687 3362 ’
