2019 3769
374 228 537 265 NAIS
585 227 886 276 MARINA,
920 224 1512 285 QVADRICVSMDA.
1684 222 1800 285 315

207 387 245 423 n
264 387 291 421 A
311 385 524 420 ειτΛτ
565 364 618 420 in
655 360 828 420 fundo
858 359 1101 441 argilloso
1130 361 1283 418 maris
1307 360 1502 438 procul
1540 379 1572 417 a
1608 360 1806 437 littore,

81 450 255 510 minus
290 447 566 524 frequens·

209 554 378 608 Lente
414 567 469 606 et
509 553 645 608 teila
689 550 890 608 incedit
921 551 1096 606 minus
1145 548 1344 608 viuida.
1438 549 1622 624 Caput
1679 565 1806 606 curn

31 696 37 699 ,
84 636 257 694 oculis
293 633 386 691 sub
427 632 654 711 squamis
689 635 902 713 prorsus
927 651 1111 713 tegere
1133 633 1291 692 valet.
1379 634 1646 710 Squamae
1671 633 1808 690 illius

87 720 201 780 satis
230 719 390 778 fixae.
1238 726 1241 745 ³

414 862 580 932 295.
627 837 886 910 NAIS
941 835 1419 909 MARINA.
1454 832 1487 872 *

235 974 390 1041 Nais
442 976 582 1042 setis
623 977 988 1063 ,lateralibus
1032 974 1308 1042 solitariis
1365 971 1589 1040 tubulo
1643 970 1812 1047 exse-

90 1073 319 1141 tendo.

216 1209 252 1247 G
269 1209 301 1242 R
318 1206 350 1244 o
366 1209 395 1244 ε
409 1209 449 1243 N
464 1207 515 1244 L.
601 1185 820 1248 Kamak.

221 1308 258 1345 n
276 1309 390 1344 esc
408 1310 461 1345 n.
533 1285 653 1343 Vix
683 1309 749 1346 ιο
771 1290 861 1349 lin.
886 1288 1121 1364 longior,
1165 1305 1222 1345 et
1251 1283 1473 1346 craffitie
1500 1285 1572 1342 fili
1598 1285 1820 1344 tenuio-

93 1371 193 1446 τὶς,
238 1369 389 1447 supra
416 1389 686 1437 conuexa,
729 1371 905 1428 {ubtus
934 1373 1116 1447 plana,
1163 1373 1369 1447 postiee
1403 1371 1820 1431 subacuminata.

95 1458 186 1514 De
216 1472 367 1534 parte
407 1456 578 1513 antica
619 1456 866 1512 tubulum
909 1457 1132 1513 breuem
1164 1457 1437 1512 interdum
1472 1455 1690 1522 exserit;
1745 1454 1822 1511 ibi

97 1542 256 1597 etiam
271 1539 421 1616 supra
439 1544 630 1616 punita
650 1563 678 1600 2
696 1536 1029 1598 minutiffima
1044 1542 1209 1618 nigra,
1237 1542 1329 1598 vix
1342 1538 1648 1615 conspicua,
1677 1556 1821 1615 quae

96 1618 203 1703 pro
233 1625 404 1685 oculis
440 1625 640 1684 habeo,
727 1628 940 1702 Corpus
979 1643 1032 1683 et
1069 1626 1311 1702 pluribus
1342 1624 1625 1702 segmentis
1653 1642 1824 1681 annu·-

99 1711 296 1766 laribus
324 1708 565 1767 constare
587 1710 830 1775 videtum
877 1730 979 1785 pro
1004 1709 1210 1787 singulo
1243 1709 1354 1768 seta
1389 1709 1613 1773 lateralis
1651 1708 1823 1765 vtrin-

101 1793 449 1877 quesemper
476 1793 695 1861 exserta,
739 1796 888 1851 nudo
917 1795 1078 1852 oculo
1107 1793 1410 1871 conspicua.
1500 1792 1676 1851 Color
1695 1792 1826 1849 albi-

101 1896 205 1946 cat,
246 1880 384 1935 linea
412 1880 788 1956 longitudinali
815 1880 990 1936 media
1017 1879 1196 1936 flauo·
1218 1878 1382 1954 grisea
1401 1920 1415 1945 ,
1455 1878 1823 1935 extremitates

101 1981 283 2021 tamen
306 1984 416 2021 non
435 1966 749 2042 attingente,
780 1983 834 2020 et
847 1984 949 2040 pro
968 1963 1174 2041 fingulo
1190 1962 1467 2040 segmento
1486 1963 1810 2036 interrupta.

230 2089 354 2123 ΗΑΒ
372 2088 545 2123 ιτΑτ
573 2067 627 2122 in
665 2067 932 2129 littoribus
960 2065 1051 2123 sub
1083 2064 1355 2121 confetuis
1384 2064 1625 2131 marinis,
1668 2081 1831 2140 prae-

105 2149 283 2209 sertim
310 2150 438 2208 locis
472 2150 802 2219 cauernofis‚
857 2152 952 2208 vbi
985 2170 1126 2228 aqua
1153 2149 1246 2209 sub
1285 2148 1429 2209 aestu
1465 2150 1622 2207 maris
1657 2166 1832 2206 rema-

108 2255 239 2293 nere
262 2234 410 2294 solet.
1045 2234 1050 2236 ’

240 2326 406 2395 Motu
431 2335 913 2417 serpentinofsupra
940 2337 1170 2395 fundum
1197 2338 1341 2395 lente
1366 2335 1597 2404 incedit,
1631 2335 1830 2395 tubulo

111 2421 206 2479 suo
245 2425 446 2481 obieeta
487 2425 751 2481 continuo
793 2422 1014 2480 visitans,
1100 2423 1378 2479 Interdum
1417 2421 1664 2499 corporis
1700 2421 1833 2479 anti—

113 2526 230 2564 cam
258 2527 465 2584 partem
491 2510 689 2585 erigit,¹
718 2507 919 2584 postica
947 2506 1179 2570 fundum
1213 2523 1455 2568 tenente.
1541 2508 1667 2566 Nec
1701 2524 1831 2565 raro.

113 2591 398 2657 conferuas
436 2610 591 2653 motu
621 2593 790 2671 spirali
825 2592 1076 2653 ascendit.

215 2770 380 2856 296.
449 2760 714 2836 NAls
784 2739 1740 2866 QVADRlcvstA.

264 2900 417 2970 Nais
457 2899 726 2967 verrucis
770 2897 1110 2967 lateralibus
1151 2898 1354 2969 bifidis
1392 2896 1617 2980 setofiS‚
1664 2893 1837 2964 cirris

123 2996 610 3069 abdominalibus
654 3016 716 3062 et
753 2997 939 3062 cauda
970 2991 1324 3085 quadrifida.

218 3174 230 3185 „
251 3150 288 3187 G
305 3152 336 3186 R
350 3150 386 3187 o
402 3153 430 3188 E
445 3152 486 3187 N
504 3150 554 3189 ε..
644 3129 986 3189 Pullateriak.

251 3250 365 3289 nes
382 3254 413 3289 c
431 3255 478 3289 R.
564 3231 876 3308 Longitudo
905 3231 972 3311 2}
997 3216 1120 3294 vno.
1144 3246 1198 3289 et
1218 3228 1447 3289 latit-udo
1486 3229 1549 3308 12}
1573 3227 1666 3285 lin.
1723 3226 1844 3283 An·

120 3316 229 3380 tice
268 3334 324 3374 et
356 3317 525 3396 magis
559 3317 768 3396 postice
806 3333 1102 3396 attenuata,
1159 3315 1313 3402 supra
1354 3315 1854 3458 plano-cossufixa,

1679 3415 1716 3455 u
1759 3413 1844 3458 tus
