2019 3769
235 232 372 278 ..110
983 230 1251 270 AVES.

375 370 516 429 Mar.
571 373 786 456 Vertex
813 368 1000 445 capitis
1044 367 1225 443 niger,
1277 363 1461 425 fronte
1494 367 1588 426 vix
1623 367 1754 427 alba.
1857 367 1977 429 Sub

251 457 421 515 oculis
448 458 583 513 linea
606 450 789 532 nigra;
824 453 974 528 supra
991 472 1122 508 vero
1150 452 1354 508 macula
1384 454 1583 510 minuta
1613 455 1747 514 alba
1791 455 1972 531 Caput

234 530 380 598 infra
402 541 598 602 album
688 541 969 612 Tempora
994 550 1151 592 ornat
1182 536 1317 592 linea
1344 537 1643 615 ferruginea
1672 537 1722 595 se
1744 540 1976 611 coniun-

236 646 381 705 ‘gens
406 645 531 683 cum
559 625 748 682 colore
773 622 915 686 colli,
959 621 1054 698 qui
1077 619 1227 697 lupra
1253 621 1496 699 infraque
1520 623 1859 720 ferrugineus
1879 624 1974 681 vix

234 712 408 788 ,nigro
432 711 643 767 mixtus.
735 709 919 763 Peclus
944 704 1131 762 medio
1164 706 1343 763 album
1371 708 1618 766 lateribus
1648 709 1808 785 nigris
1831 709 1972 764 mix·

248 814 383 854 tum.
482 793 774 868 Reliquum
814 792 1062 866 corporis
1097 789 1278 847 subtus
1325 791 1524 851 album.
1610 792 1849 851 Dorsum
1890 792 1986 848 ni·-x

246 899 403 958 grum
452 878 776 953 marginibus
833 876 1137 952 plumarum
1190 874 1526 951 ferrugineis.
1613 880 1748 936 Alae
1775 876 1975 934 clausae

246 964 452 1022 caudae
477 962 742 1038 aequales,
787 962 1016 1018 maxima
1044 977 1194 1038 parte
1219 959 1418 1055 nigrae.
1504 963 1759 1038 Remiges
1781 980 1974 1018 omnes

244 1047 427 1106 rachin
456 1047 623 1104 albam
655 1045 889 1121 habent,
946 1067 968 1117 5
1001 1046 1210 1122 priores
1238 1046 1452 1120 nigrae,
1500 1067 1528 1120 5
1559 1045 1842 1143 sequentes
1867 1044 1975 1103 basi

246 1136 512 1210 apiceque
553 1131 730 1197 albae,
775 1130 1026 1187 albedine
1064 1129 1164 1186 hac
1202 1131 1253 1184 in
1289 1129 1608 1187 secundariis
1657 1133 1822 1209 magis
1859 1151 1973 1187 am-

234 1212 475 1296 'plificata
504 1216 886 1290 continuante,
938 1217 1008 1271 ita
1042 1232 1102 1271 vt
1141 1234 1174 1273 2
1202 1215 1419 1270 intimae
1469 1214 1584 1272 fere
1620 1231 1773 1273 totae
1821 1216 1974 1274 albae

245 1301 360 1360 sint.
452 1300 573 1358 Post
600 1300 709 1357 illas
736 1263 973 1377 sequitur
1011 1299 1170 1364 alula,
1224 1301 1414 1374 pennis
1459 1323 1484 1377 3
1523 1301 1609 1356 vel
1646 1321 1687 1379 4
1715 1301 1972 1376 longiori-

246 1389 348 1445 bus
374 1387 535 1464 nigris
563 1387 717 1461 apice
746 1385 873 1440 albis
899 1383 1156 1441 constans,
1212 1386 1484 1440 Tecffrices
1507 1383 1826 1442 secundariis
1842 1404 1974 1461 pro-

245 1474 424 1531 ximae
467 1472 707 1546 apicibus
750 1470 991 1545 gaudent
1036 1470 1194 1532 albis,
1249 1469 1400 1543 (hinc
1442 1471 1492 1523 in
1529 1470 1605 1524 ala
1653 1470 1972 1544 complicata

245 1556 439 1613 lineola
467 1556 582 1611 alba
610 1553 896 1611 transuersa
916 1560 950 1624 ,)
1009 1554 1310 1628 reliquum,
1372 1571 1431 1608 vt
1474 1570 1716 1620 ceterae,
1773 1556 1970 1632 nigrae.

244 1643 444 1701 Subtus
471 1640 582 1694 alae
610 1641 854 1694 cinereae
891 1639 956 1694 ad
1002 1638 1261 1694 humeros
1299 1637 1423 1693 albo
1466 1640 1736 1714 nigroque
1773 1657 1971 1714 granu-

242 1727 398 1783 latae.
510 1724 773 1779 Recirices
831 1743 927 1787 ιι,
978 1724 1189 1778 mediae
1217 1741 1407 1798 parum
1445 1722 1717 1798 longiores
1758 1724 1972 1800 nigrae,

243 1811 454 1867 duabus
482 1809 734 1864 extremis
762 1809 1000 1882 margine
1026 1809 1232 1864 extimo
1261 1826 1315 1862 et
1339 1808 1523 1883 apice,
1560 1808 1781 1885 reliquis
1822 1809 1972 1884 apice

241 1913 447 1952 tantum
474 1893 629 1957 albis,
689 1893 896 1948 duabus
936 1893 1266 1948 intermediis
1303 1894 1394 1948 vix
1431 1893 1644 1949 notatis.
1744 1897 1971 1969 Vropy„

240 1981 390 2057 gium
428 1978 658 2053 nigrum,
703 1976 953 2032 lateribus
979 1977 1106 2032 albis
1130 1978 1482 2052 granulatum.
1570 1978 1764 2034 Podex
1802 1979 1970 2050 albus;

241 2066 331 2122 sed
360 2081 571 2140 pennae
599 2061 865 2137 quaedam
901 2061 1172 2136 longiores
1201 2061 1292 2116 sub
1321 2062 1506 2132 cauda,
1549 2079 1607 2119 vt
1634 2063 1791 2119 etiam
1807 2063 1969 2120 latera

243 2149 518 2226 corporiS,
563 2146 685 2203 albo
713 2147 983 2222 nigroque
1029 2148 1339 2203 maculatae.

375 2282 611 2339 Foemina
637 2276 818 2334 differt
843 2300 870 2334 a
895 2298 1038 2334 mare
1066 2276 1369 2354 praesertim
1398 2278 1601 2334 vertice
1632 2278 1806 2335 minus
1831 2278 1968 2336 satu-

244 2386 358 2427 rate
385 2368 572 2443 nigr0,
611 2362 792 2419 fronte
819 2364 974 2440 nigro
1004 2364 1242 2439 alboque
1275 2363 1465 2427 mixta,
1523 2359 1865 2439 temporibus
1902 2364 1967 2419 li-

245 2474 401 2510 neam
433 2457 573 2529 (non
600 2448 987 2522 ferrugineam,
1031 2448 1139 2519 sed)
1177 2448 1347 2504 albam
1378 2446 1716 2505 habentibus,
1802 2447 1965 2505 Collo

244 2539 396 2634 supra
422 2538 578 2613 nigro
633 2534 955 2611 marginibus
992 2535 1297 2609 plumarum
1332 2531 1525 2586 intimis
1571 2532 1768 2607 pallide
1803 2530 1967 2589 brun·

245 2627 388 2690 neiS‚
432 2621 563 2676 infra
597 2624 680 2696 (et
713 2618 952 2694 suprema
981 2637 1132 2693 parte
1159 2617 1412 2694 pectoris)
1442 2615 1590 2671 lineis
1616 2617 1776 2683 albis,
1821 2621 1964 2674 cine-

242 2708 344 2764 reis
371 2724 427 2762 et
452 2705 647 2781 pallide
676 2704 927 2760 brunneis
956 2702 1257 2760 transuersis
1284 2701 1507 2768 indat03
1541 2702 1755 2778 reliquo
1772 2705 1963 2779 pedio-

235 2793 337 2859 riS,
377 2809 434 2846 vt
460 2790 770 2856 abdomine,
810 2789 956 2850 albo,

363 2919 501 2975 Pulli
526 2918 735 2984 fronte,
778 2919 1030 2976 lateribus
1058 2919 1274 2996 capitiS,
1319 2916 1464 2975 collo
1505 2915 1661 3011 infra,
1713 2919 1960 2992 peclore,

238 3003 677 3078 'abdomineque
665 3025 715 3058 m
743 3021 920 3060 totum
951 3005 1108 3071 albis,
1152 3023 1209 3061 et
1253 3005 1396 3059 collo
1424 3010 1573 3078 {upra
1611 3001 1797 3079 nigr0‚
1851 3001 1961 3103 fine

231 3086 463 3147 notabili
493 3088 750 3156 mixtura,
788 3110 815 3145 a
841 3090 1149 3167 parentibus
1174 3087 1447 3150 differunt.

350 3243 404 3279 ιι
420 3245 447 3277 A
467 3246 492 3278 a
509 3243 530 3277 1
546 3243 581 3276 T
599 3246 628 3278 A
644 3246 682 3278 T
727 3223 960 3282 aestate'
948 3243 999 3278 1n
1030 3222 1250 3281 lacubus
1280 3217 1596 3285 maioribus,
1649 3214 1958 3312 praesertim

234 3309 437 3386 plagae
450 3306 974 3388 glacialicontiguis:
1006 3326 1157 3367 vere
1205 3323 1580 3381 autumnoque
1625 3323 1760 3362 vero
1798 3303 1955 3368 mari,

1802 3386 1960 3444 etiam
